1916 3254
285 980 330 1013 10

281 1303 323 1334 15

274 1622 320 1656 20

202 1940 314 1977 ‘25

939 284 1201 321 „13—

366 397 580 436 admodum
618 401 658 434 et
692 394 799 445 quod
826 394 883 431 ibi
910 393 1092 431 Achilles
1129 394 1233 432 situs
1269 399 1350 442 est,
1384 393 1590 433 Achilleae
1620 408 1769 444 cogno-

364 462 549 500 minatae.
605 459 697 497 Non
734 458 853 506 longe
881 470 905 495 a
934 456 1071 495 Cholis
1099 457 1212 506 Aria,
1251 470 1354 506 quae
1381 457 1504 496 Marti
1532 463 1765 497 consecrata.

364 530 426 564 est
452 529 498 562 ut
524 523 672 561 fabulis
700 521 886 559 traditur.
943 520 1022 559 Sex
1050 525 1146 559 sunt
1173 520 1280 559 inter
1309 522 1413 559 ostia
1439 521 1591 571 Histri,
1624 535 1672 560 ex
1699 522 1764 560 his

360 589 494 627 Peuce
520 586 733 626 notissima
760 589 801 623 et
827 585 1017 634 maxima,
1058 584 1208 635 Cynias
1236 584 1581 624 Mariandinorum
1614 584 1764 623 finibus

360 651 553 703 proxima.

465 715 615 754 Contra
655 713 870 752 Trachium
894 714 905 740 1
949 712 1167 751 Bosforum
1214 713 1317 751 duae
1362 726 1511 763 parvae
1557 726 1762 763 parvoque

359 780 558 818 distantes
587 778 717 829 spatio
747 791 848 827 quae
878 777 1073 827 Cyanitae
1101 783 1300 815 vocantur
1328 782 1368 815 et
1397 776 1699 828 Simphegades.

461 843 508 881 In
536 842 801 893 Hellesponto
829 842 930 879 mari
959 846 1054 880 sunt
1082 841 1280 891 Cyclades
1297 841 1313 868 2
1340 841 1508 890 insulae,
1539 854 1638 890 quas
1666 840 1761 879 inde

357 908 556 959 Cycladas
594 911 804 945 autumant
839 906 969 944 dictas
1003 906 1110 955 quod
1146 906 1242 944 licet
1276 906 1419 956 spatiis
1456 905 1707 954 longioribus
1736 918 1757 942 a

359 972 458 1010 Delo
488 972 571 1010 sint
597 971 799 1022 proiectae
828 971 870 1008 in
913 971 1050 1008 orbem
1091 975 1225 1008 tamen
1267 969 1373 1008 circa
1400 970 1501 1008 Delo
1538 975 1633 1008 sunt
1667 969 1758 1014 site.

355 1036 459 1074 Nam
487 1036 623 1074 orbem
652 1035 793 1084 cyclon
824 1033 920 1072 Grai
954 1034 1153 1072 locuntur.
1211 1034 1382 1080 Quidam
1417 1047 1512 1072 vero
1540 1047 1622 1071 non
1650 1034 1757 1082 quod

353 1101 396 1139 in
431 1101 567 1139 orbem
601 1099 784 1148 digestae
820 1098 893 1137 sed
928 1103 1096 1148 propter
1132 1098 1319 1149 scopulos
1355 1098 1567 1147 qui.circa
1596 1098 1759 1136 easdem

355 1170 472 1214 sunt,
513 1169 658 1215 putant
699 1163 828 1201 dictas
873 1162 1083 1213 Cycladas.
1141 1162 1245 1201 Sunt
1281 1168 1415 1200 autem
1452 1175 1617 1200 numero
1652 1161 1757 1210 LIII,

351 1234 536 1268 tenentes
573 1241 596 1265 a
631 1226 907 1278 septentrione
942 1227 983 1264 in
1024 1226 1232 1264 meridiem
1274 1226 1384 1264 milia
1424 1227 1664 1275 quingenta,
1707 1227 1756 1264 ab

351 1293 505 1332 oriente
534 1293 575 1331 in
605 1305 792 1331 occasum
818 1292 930 1330 milia
961 1291 1146 1329 ducenta.

454 1357 692 1407 Metropolis
723 1369 859 1394 earum
887 1355 1072 1405 Rhodos,
1109 1368 1277 1404 quarum
1306 1356 1468 1393 nomina
1497 1355 1591 1405 quia
1618 1355 1758 1392 multis

349 1422 427 1460 iam
455 1422 604 1472 partim
631 1424 738 1469 nota,
771 1432 993 1468 congruum
1021 1420 1208 1458 duximus
1244 1419 1490 1468 aliquatinus
1521 1419 1754 1458 omittenda.

347 1486 452 1524 Nam
480 1486 521 1523 in
550 1484 683 1523 sinum
701 1485 716 1510 3
745 1496 863 1532 quem
892 1484 1108 1521 maximum
1136 1483 1238 1521 Asia
1267 1483 1432 1534 recipit,
1469 1497 1593 1534 prope
1622 1483 1752 1522 media

347 1551 516 1602 Cypros,
547 1549 598 1587 ad
627 1554 758 1587 ortum
788 1561 1052 1597 occasumque
1082 1561 1125 1586 se
1153 1548 1363 1586 inmittens
1392 1554 1502 1587 recto
1532 1547 1627 1597 iugo
1647 1548 1754 1586 inter

347 1615 523 1654 Cilitiam
553 1613 774 1663 Syriasque
802 1611 1022 1662 porrigitur
1050 1613 1193 1661 ingens
1222 1616 1344 1661 utque
1365 1613 1578 1661 aliquando
1607 1625 1752 1650 nomen

344 1693 471 1729 regna
500 1679 687 1729 coeperit,
718 1690 821 1726 quae
839 1677 854 1703 ⁴
883 1690 913 1722 a⁴
935 1677 1098 1715 civitate
1128 1676 1275 1726 Cypro,
1311 1678 1416 1715 sicut
1444 1677 1520 1714 iam
1555 1677 1750 1727 praeliba-

344 1750 429 1782 tum
459 1748 531 1792 est,
569 1755 671 1792 quae
699 1742 741 1779 in
771 1755 817 1780 ea
845 1746 921 1791 est,
948 1754 1094 1779 nomen
1123 1741 1292 1791 accepit;
1331 1742 1419 1792 ipsa
1448 1748 1511 1780 est
1539 1748 1578 1779 et
1606 1741 1749 1789 Pafon,

344 1808 491 1847 Veneri
521 1812 767 1856 consecrata,
796 1805 953 1844 famosa
973 1805 1174 1854 quondam
1194 1805 1345 1844 divitiis
1366 1810 1406 1843 et
1425 1806 1596 1844 maxime
1626 1806 1747 1854 aeris,

343 1873 397 1911 ibi
427 1874 532 1911 enim
561 1873 690 1922 prima
718 1871 840 1909 huius
868 1871 1019 1909 metalli
1047 1871 1225 1909 inventio
1256 1875 1296 1908 et
1323 1871 1476 1908 utilitas
1505 1870 1593 1908 fuit.

449 1936 566 1974 Creta
585 1937 600 1963 5
630 1935 760 1973 insula
779 1948 873 1986 pars
893 1939 955 1973 est
975 1934 1137 1972 Gretiae
1166 1936 1308 1983 ingens
1339 1943 1477 1973 eontra
1498 1934 1749 1985 Peloponen-

342 2015 427 2040 sem
463 2002 569 2039 inter
605 2005 738 2039 ortum
774 2004 814 2038 et
851 2013 1037 2038 occasum
1071 2004 1203 2038 tractu
1232 2000 1485 2049 longissimo,
1521 2004 1566 2037 ut
1595 1999 1745 2038 dictum

447 2128 468 2163 2
499 2123 660 2162 Colchis
696 2122 786 2161 Mel.
827 2122 989 2172 (ΑΒΚ)
1061 2124 1085 2160 3
1115 2127 1177 2161 est
1207 2124 1303 2161 deest
1333 2122 1420 2161 Mel.
1477 2123 1610 2161 Histri
1641 2125 1742 2162 ostia

339 2189 428 2227 Mel.
491 2189 517 2226 4
546 2202 577 2227 c.
607 2201 766 2238 speuce,
798 2201 892 2226 corr.
924 2201 1050 2238 peuce
1106 2187 1287 2237 Thynias
1316 2187 1405 2225 Mel.
1436 2188 1601 2234 (AKR)
1658 2189 1743 2226 Ma-

338 2253 628 2303 riandynorum
658 2251 744 2290 Mel.
825 2253 848 2289 6
879 2266 910 2293 c.
941 2252 1227 2301 contrachium,
1258 2265 1355 2290 corr.
1377 2257 1515 2290 contra
1544 2253 1742 2290 trachium

340 2317 556 2356 Thracium
585 2315 672 2355 Mel.
711 2316 780 2366 (A)
890 2317 912 2353 7
947 2316 1132 2366 Cyaneae
1167 2315 1255 2354 Mel.
1293 2317 1362 2366 (A)
1448 2316 1742 2366 Symplegades

337 2417 425 2456 Mel.
457 2415 531 2469 (K)
607 2417 655 2454 18
684 2417 775 2454 sinu
803 2414 891 2456 Mel.
923 2416 993 2466 (A)
1049 2428 1080 2454 c.
1111 2388 1262 2466 recepit
1291 2415 1354 2452 211¹
1431 2416 1477 2452 19
1506 2423 1616 2454 recto
1647 2416 1740 2465 iugo

337 2495 380 2521 se
410 2482 616 2520 inmittens
645 2480 733 2519 Mel.
761 2480 832 2530 (A)
907 2481 957 2518 20
986 2492 1131 2519 novem
1161 2479 1249 2518 Mel.
1282 2481 1351 2532 (A)
1419 2481 1468 2517 22
1500 2480 1618 2518 l'afos
1648 2480 1738 2518 lsid.

434 2594 443 2620 ¹
470 2605 516 2628 ex
543 2594 621 2627 Mel.
648 2593 692 2637 II,
719 2592 774 2626 99.
833 2591 848 2618 2
873 2603 918 2625 ex
944 2591 1029 2627 Isid.
1058 2592 1152 2635 XIV,
1179 2593 1211 2626 6.
1241 2592 1284 2624 19
1311 2591 1490 2635 (Cyclades
1509 2612 1550 2617 —
1572 2591 1734 2636 Rhodos).

334 2652 349 2679 3
374 2663 419 2686 ex
447 2653 525 2688 Mel.
553 2652 597 2694 II,
622 2651 701 2686 102.
752 2651 766 2678 4
793 2662 838 2685 ex
872 2651 956 2685 Isid.
988 2651 1036 2685 ib.
1069 2651 1166 2693 XIV,
1201 2652 1233 2693 6,
1262 2651 1315 2685 14.
1355 2652 1399 2686 cf.
1426 2661 1534 2695 supra
1561 2661 1593 2694 p.
1622 2651 1677 2683 14.

334 2711 349 2738 5
374 2722 419 2745 ex
445 2711 531 2746 Isid.
560 2711 655 2754 XIV,
681 2711 715 2752 6,
742 2710 796 2744 15.
826 2710 869 2743 cs.
896 2720 1007 2753 supra
1034 2720 1066 2753 p.
1094 2710 1149 2743 14.
