1916 3254
405 1034 562 1072 Domno
578 1034 889 1072 Venerabillimo
911 1034 1094 1082 Regique
1116 1034 1416 1073 Gloriosissimo
1436 1035 1592 1073 Domno

474 1097 627 1134 Karolo
658 1089 704 1135 ὅ.
736 1097 953 1135 Servorum
982 1097 1059 1136 Dei
1088 1097 1286 1136 Extimus.

303 1225 403 1263 Cum
432 1226 524 1263 olim
545 1225 707 1274 quidem
735 1230 780 1263 ut
807 1238 913 1263 nunc
933 1225 1154 1263 Galliarum
1182 1226 1298 1263 litora
1326 1227 1426 1264 mari
1447 1240 1594 1265 oceano

197 1289 570 1337 mediterraneoque
611 1289 848 1327 inminentia
888 1302 1043 1327 necnon
1085 1290 1302 1327 earundem
1342 1290 1596 1338 aliquatenus

198 1353 341 1402 media,
370 1353 560 1391 videlicet
580 1366 657 1401 quo
677 1352 802 1391 variis
822 1352 1035 1391 fluviorum
1064 1358 1322 1402 permeantur
1341 1354 1479 1403 alveis,
1511 1354 1597 1391 dira

201 1416 521 1454 Normannorum
536 1421 794 1454 vastarentur
809 1416 988 1465 saevit-ia,
1012 1416 1146 1454 studio
1164 1417 1413 1465 quorundam
1428 1417 1598 1455 fratrum

200 1485 431 1517 nostrorum
453 1480 696 1529 admonitus,
727 1481 845 1518 immo
867 1481 915 1518 ob
937 1479 1147 1528 utriusque
1166 1480 1287 1518 maris
1308 1481 1599 1529 aliquantulum

200 1544 361 1592 ignotos
389 1543 658 1592 navigationis
680 1557 873 1582 excursus
893 1544 1181 1593 discipulorum
1201 1543 1414 1582 mitissima
1434 1545 1598 1594 deprae-

201 1607 359 1645 catione
393 1620 587 1645 accensus
622 1608 730 1645 hunc
759 1607 808 1645 de
836 1608 917 1644 situ
947 1607 1055 1645 orbis
1083 1607 1261 1645 libellum
1301 1621 1349 1645 ex
1382 1609 1599 1646 multorum

201 1671 524 1721 praecedentium
555 1671 621 1719 qui
652 1671 744 1708 hinc
780 1675 1057 1709 tractaverunt
1085 1671 1204 1709 dictis
1234 1677 1467 1721 excerptum
1496 1686 1599 1710 com-

201 1747 351 1784 ponere
386 1734 523 1772 studui
552 1740 591 1772 et
621 1739 780 1772 vestrae
809 1748 928 1782 quam
962 1734 1254 1784 praedicandae
1283 1735 1505 1784 sapientiae
1534 1736 1599 1775 de·

203 1798 435 1836 clarandum
462 1811 560 1847 prae
589 1799 773 1836 omnibus
804 1797 948 1836 offerre
976 1803 1108 1836 ratum
1137 1799 1467 1847 commodumque
1492 1800 1601 1838 duxi.

202 1862 294 1900 Non
324 1862 449 1911 igitur
476 1866 625 1900 temere
654 1862 730 1900 hoc
758 1875 976 1911 aggressus
1005 1876 1094 1900 sum
1124 1866 1336 1900 contexere
1366 1864 1602 1913 opusculum

203 1939 276 1964 nec
304 1925 476 1976 propriis
505 1926 639 1964 nitens
668 1926 833 1974 viribus,
865 1926 980 1975 quasi
1001 1927 1049 1964 ob
1078 1926 1252 1964 nominis
1280 1926 1424 1965 famam
1453 1928 1603 1966 iactan-

203 1990 281 2027 tiae
311 1989 562 2028 celsitudinis
590 1990 767 2040 plenam,
807 1990 878 2028 sed
913 1990 1103 2028 fraternis
1131 1991 1336 2029 humiliter
1363 2004 1508 2041 parens
1536 2005 1603 2030 ne-

203 2053 531 2103 cessitudinibus,
562 2054 794 2103 aggregatis
829 2054 1117 2103 insignissimis
1155 2054 1386 2093 huiusmodi
1420 2055 1604 2093 lectionis

204 2117 447 2167 artificibus,
493 2118 590 2166 quid
627 2117 666 2155 in
705 2118 911 2168 opusculis
948 2117 1033 2156 suis
1064 2118 1113 2156 de
1142 2119 1251 2156 orbis
1281 2119 1362 2156 situ
1391 2119 1602 2168 senserint,

205 2182 384 2230 quidque
417 2182 579 2231 egregio
610 2181 737 2219 affatu
775 2182 967 2231 dixerint,
1012 2195 1099 2220 cum
1143 2182 1282 2219 crebro
1324 2182 1464 2231 legens
1505 2183 1604 2220 alios

206 2245 422 2294 docuerim,
452 2259 558 2284 nunc
587 2245 708 2284 altius
736 2245 934 2296 inspicere
964 2246 1112 2284 curavi.
1162 2246 1310 2283 Melam
1338 2246 1604 2296 Pomponium

207 2307 296 2346 dico
339 2314 457 2358 atque
511 2311 728 2348 Aethicum
780 2309 1093 2359 cosmografum,
1143 2310 1387 2347 Martianum
1427 2309 1604 2348 Felicem

209 2371 424 2422 Capellam,
454 2373 634 2411 Solinum
654 2373 973 2423 Polistoriarum,
1005 2373 1190 2412 Orosium
1219 2387 1374 2412 necnon
1403 2373 1605 2412 Isidorum

315 2507 333 2544 1
367 2521 398 2547 c.
429 2508 478 2545 D.
553 2520 584 2545 c,
615 2508 662 2545 D.
692 2508 744 2546 K.
774 2507 931 2545 Domno
951 2508 1104 2546 Karolo
1134 2509 1348 2546 Duemmler
1403 2509 1425 2545 5
1456 2522 1487 2546 c.
1517 2522 1604 2558 per-

1216 2579 1232 2597 Ο

209 2612 365 2645 meatur
394 2611 512 2644 antur
541 2619 639 2645 corr.
670 2607 885 2644 Dummnler
978 2608 1001 2643 9
1031 2620 1063 2644 c.
1093 2607 1307 2644 multarum
1336 2606 1384 2645 M
1475 2607 1521 2644 21
1554 2619 1604 2643 an¹

211 2670 533 2709 Polistoriarium
561 2672 616 2708 vel
642 2669 980 2708 Polistorianum?

1375 2734 1392 2765 1

1628 1682 1669 1713 10

1630 2000 1671 2030 15

1628 2313 1674 2347 20
