1916 3254
786 244 1041 280 ,39-

212 351 380 390 occiduo
410 352 588 401 proxim«)
618 358 657 390 et
686 352 790 390 inter
818 366 860 390 se
889 353 1099 391 interiecto
1129 354 1228 392 mari
1257 354 1466 393 discretae.
1507 354 1606 393 Gor-

214 415 340 463 gades
365 416 374 441 1
402 415 558 454 insulae
588 415 725 454 oceani
761 417 928 466 obvers«,=
965 417 1268 466 promuncturio
1298 417 1404 466 quod
1441 423 1608 456 vocatur

211 479 504 528 Esperacerus⁷
545 493 643 528 quas
677 480 931 517 incoluerunt
960 480 1171 529 Gorgonas
1199 480 1370 519 feminae
1400 486 1439 519 et
1467 495 1516 520 ex
1543 482 1607 521 his

214 543 369 580 insulae
399 544 713 593 cognominatae,
745 543 898 581 distant
918 549 1051 582 autem
1074 558 1097 582 a
1117 544 1338 583 continenti
1363 550 1469 583 terra
1496 545 1608 583 bidui

214 607 485 655 navigatione.
1657 615 1676 646 5

319 671 588 721 Aesperidum
605 672 620 697 ’ἒ
650 671 803 708 insulae
832 676 972 722 vocatg¹
993 685 1014 709 a
1036 671 1199 710 civitate
1218 672 1477 723 Aesperidae,
1506 686 1606 721 quae

212 734 291 771 suit
319 734 411 771 finis
441 733 716 772 Mauritaniae.
766 734 869 772 Sunt
898 735 1002 772 enim
1030 736 1136 773 ultra
1165 735 1374 784 Gorgadas
1404 736 1503 774 sitae
1532 737 1606 775 sub

213 798 450 836 Atlanteum
483 798 579 834 litus
615 798 657 834 in
686 798 848 835 intimos
876 799 998 836 maris
1027 799 1153 837 sinus.
1208 799 1253 836 In
1283 813 1451 847 quarum
1479 800 1607 838 hortis

214 861 373 909 fingunt
401 860 561 898 fabulae
590 860 805 898 draconem
833 861 1070 910 pervigilem
1099 875 1219 899 aurea
1238 863 1338 899 mala
1361 868 1605 912 servantem;

214 924 348 962 ferunt
385 924 490 961 enim
518 923 575 960 ibi
604 936 624 960 e
653 924 753 960 mari
790 924 1035 961 aestuarium
1071 925 1169 963 adeo
1206 925 1382 963 sinuosis
1416 926 1608 965 lateribus
1633 934 1678 966 10

212 993 454 1036 tortuosum,
498 993 543 1024 ut
579 987 804 1025 visentibus
842 988 982 1037 procul
1024 989 1161 1038 lapsus
1203 1002 1380 1038 angueos
1419 991 1606 1030 imitetur.

213 1050 316 1088 Hinc
358 1050 567 1088 Solimzs:3
615 1050 719 1088 Nam
766 1051 814 1089 de
855 1051 983 1090 hortis
1030 1052 1299 1102 Aesperidum
1341 1058 1381 1091 et
1421 1054 1609 1103 pervigili

213 1114 385 1152 dracone
419 1127 470 1152 ne
504 1114 608 1159 famo
646 1115 809 1152 licentia
846 1116 1082 1167 vulneretur
1109 1116 1227 1165 fides,
1272 1117 1373 1155 ratio
1402 1118 1500 1155 haec
1530 1124 1606 1156 est:

210 1177 394 1216 flexuosu
422 1184 555 1216 meatu
585 1179 805 1216 estuarium
833 1192 853 1217 e
882 1179 983 1217 mari
1010 1179 1139 1218 fertur
1173 1180 1271 1218 adeo
1308 1180 1484 1218 sinuosis
1512 1181 1608 1220 late-

210 1241 324 1279 ribus
353 1247 590 1289 tortuosum‚
620 1248 665 1280 ut
693 1243 919 1281 visentibus
948 1244 1087 1293 procul
1115 1244 1253 1293 lapsus
1283 1257 1460 1293 angueos
1480 1245 1608 1284 fracta
1633 1253 1676 1286 15

211 1306 412 1354 vertigine
448 1306 675 1344 mentiatur.
730 1307 871 1355 Itaque
910 1307 1015 1355 quod
1058 1308 1198 1346 hortos
1240 1309 1491 1358 appellavere
1535 1310 1608 1347 cir-

211 1370 385 1419 cumdat,
416 1370 522 1408 unde
541 1384 747 1420 pomorum
769 1371 975 1408 custodem
995 1371 1308 1420 interpretantes
1332 1372 1610 1410 instruxerunt

211 1434 288 1472 iter
322 1435 373 1471 ad
408 1434 656 1472 mendatium
697 1434 916 1473 fabulandi.
973 1435 1054 1473 Sed
1090 1436 1188 1473 haec
1230 1435 1362 1474 insula
1404 1437 1609 1475 insinuata

211 1499 369 1538 sinibus
406 1498 511 1536 alvei
548 1498 794 1537 recurrentis
823 1504 862 1537 et
890 1500 931 1536 in
974 1500 1218 1547 quibusdam
1260 1500 1445 1548 aequoris
1489 1501 1608 1551 spiris

210 1563 291 1600 sita
326 1570 486 1612 praeter
521 1563 683 1600 arbores
719 1563 882 1600 oleastri
917 1563 1068 1601 similes
1105 1570 1143 1600 et
1178 1577 1288 1601 aram
1325 1577 1479 1602 sacram
1506 1565 1608 1603 Her·
1633 1573 1679 1607 20

213 1626 313 1664 culis
334 1626 443 1664 aliud
458 1627 559 1664 nihil
573 1627 761 1676 praefert,
783 1629 890 1675 quod
908 1633 1104 1677 propaget
1124 1628 1337 1666 vetustatis
1357 1629 1606 1678 memoriam3

210 1704 351 1729 verum
379 1691 484 1728 ultra
512 1690 678 1729 frutices
707 1704 849 1729 aureos
869 1696 908 1729 et
927 1692 1085 1730 metalla
1114 1692 1341 1730 frondentia
1361 1693 1459 1730 illud
1479 1694 1608 1742 magis

212 1754 356 1792 mirum
393 1755 499 1802 quod
534 1755 664 1792 solum
701 1754 890 1793 inferiore
930 1756 1024 1794 licet
1064 1756 1165 1793 libra
1202 1755 1460 1806 depraessum
1495 1770 1607 1794 num-

213 1831 332 1866 quam
374 1831 540 1856 accessu
582 1818 678 1857 freti
718 1818 1004 1869 superlabitur,
1054 1819 1125 1857 sed
1167 1820 1372 1858 obstaculo
1414 1820 1608 1859 naturalis

212 1883 394 1933 repaguli
422 1883 463 1920 in
492 1883 591 1932 ipsis
620 1882 868 1931 marginibus
904 1883 1018 1921 heret
1053 1883 1161 1921 unda
1195 1889 1235 1921 et
1268 1883 1421 1922 intimis
1450 1898 1608 1922 orarum
1633 1892 1677 1926 25

212 1946 441 1995 superciliis
489 1951 632 1996 sponte
681 1946 828 1984 fluctus
875 1947 1008 1995 ingrui
1054 1948 1310 1986 resistuntur.
1380 1948 1607 1997 spectanda

210 2009 397 2047 nimirum
434 2010 595 2059 ingenio
623 2010 701 2048 loci
728 2010 921 2060 planicies
949 2016 1083 2050 manet
1111 2011 1234 2060 sicca,
1272 2011 1454 2060 quamvis
1482 2025 1608 2062 prona

209 2086 384 2122 aequora
414 2075 712 2124 superveniant.
761 2074 853 2112 Sola
883 2075 1072 2127 oppidum
1100 2075 1266 2114 inminet
1295 2075 1412 2113 Salae
1440 2075 1606 2114 flumini.

316 2224 340 2260 3
369 2224 672 2274 Hesperuceras
702 2225 751 2264 Is.
842 2225 1052 2274 Gorgones
1082 2226 1131 2263 Is.
1214 2227 1235 2263 7
1264 2226 1340 2264 fuit
1370 2226 1410 2263 in
1440 2228 1517 2264 fine
1555 2226 1604 2264 Is.

210 2326 235 2361 8
264 2336 294 2362 c.
325 2289 553 2372 adlanteum
581 2324 627 2362 M
638 2325 645 2350 ¹
713 2323 864 2362 ultimis
892 2325 1013 2362 maris
1043 2324 1197 2362 sinibus
1228 2325 1274 2363 Is.
1358 2326 1406 2363 10
1434 2324 1488 2362 ibi
1518 2337 1606 2362 esse

212 2389 330 2425 maris
362 2387 408 2424 Is.
519 2387 566 2424 17
597 2388 784 2426 custodes
814 2387 890 2426 Sol.
926 2388 1076 2438 (SAP)
1159 2394 1392 2427 struxerunt
1422 2388 1499 2427 sol.
1531 2388 1603 2438 (H)

210 2452 262 2488 ΞΟ
291 2464 322 2489 c.
353 2451 553 2499 oleastris,
591 2464 689 2489 corr.
720 2451 882 2490 oleastri
970 2453 1136 2490 Herculi
1165 2452 1242 2491 Sol.
1325 2453 1375 2489 28
1405 2452 1495 2490 Sala
1526 2452 1604 2489 Sol.

206 2515 309 2566 (salo
340 2514 490 2564 SAP2)

307 2649 317 2675 l
344 2661 390 2683 ex
414 2650 500 2683 Isid.
529 2650 625 2692 XIV,
651 2651 684 2693 6,
710 2650 743 2685 9.
809 2651 825 2677 2
851 2662 896 2684 ex
923 2653 966 2687 Is.
995 2652 1088 2695 xlv,
1115 2653 1147 2694 6,
1174 2652 1230 2687 10.
1303 2652 1318 2677 3
1343 2650 1474 2694 XXIV,
1500 2651 1602 2686 4-7.
