1916 3254
273 919 318 952 10

273 1242 316 1273 15

270 1561 316 1595 20

917 227 1176 266 —56—

345 345 474 391 gatur,
504 340 553 378 ab
583 352 708 388 eaque
735 339 918 387 Aegeum
945 337 1113 388 pelagus
1142 337 1375 388 appellatur.
1417 337 1496 376 Sed
1515 339 1555 375 in
1578 338 1741 377 Corcire

345 404 559 442 Phalaorio
598 402 896 453 promunctorio
931 400 1130 450 effigiaem
1163 402 1279 439 navis
1321 401 1512 451 scopulus
1546 401 1739 451 imitatur,

344 469 386 505 in
406 481 522 516 quem
549 467 684 505 Ulixis
712 479 856 504 navem
887 478 1046 504 versam
1073 465 1256 504 fabulosa
1285 464 1477 503 confinxit
1505 466 1737 515 antiquitas.

344 531 511 569 Euboea
539 544 634 569 vero
664 544 687 568 a
716 529 882 568 Boetiae
917 529 1138 568 continenti
1173 529 1328 567 modico
1364 533 1483 577 atque
1510 529 1566 567 ita
1594 530 1739 579 exiguo

344 594 600 633 interfluente
629 594 883 643 discernitur,
909 599 955 631 ut
980 593 1214 643 plerumque
1241 597 1365 643 ponte
1392 593 1593 642 iungatur.
1630 593 1740 632 Duo-

343 660 418 697 bus
448 657 760 709 promuncturiis
789 657 839 695 ad
858 657 1037 695 Atticam
1065 670 1227 695 versum
1248 657 1418 695 Gerasto
1447 664 1487 695 et
1512 657 1563 695 ad
1582 657 1739 696 Helles-

343 727 511 773 pontum
549 722 755 773 Caphareo
793 722 1015 760 decoratur.
1071 722 1205 759 Huius
1246 721 1417 759 latitudo
1459 722 1566 760 ultra
1601 734 1741 760 secun—

344 788 438 825 dum
466 787 681 825 miliarium
710 787 816 824 intra
844 785 1193 835 quadragesimum
1222 785 1490 835 contrahitur,
1529 785 1739 835 longitudo

343 865 437 890 vero
479 852 603 889 totius
647 850 815 889 Boetiae
850 851 899 888 ab
943 850 1080 888 Attica
1121 863 1248 899 usque
1287 849 1539 894 Thessaliam
1580 855 1741 888 centum

343 916 638 965 quinquaginta
666 915 828 953 milibus
857 920 1101 953 numeratur.

449 979 781 1018 Circumferentia
801 980 809 1006 ¹
830 992 923 1018 vero
944 978 1136 1017 trecentis
1157 978 1364 1027 sexaginta
1384 977 1560 1026 quinque
1579 978 1743 1017 milibus

343 1044 551 1094 explicata.
582 1043 715 1082 Huius
736 1043 926 1094 oppidum
948 1042 1110 1080 Calcida
1130 1042 1349 1081 exadverso
1369 1042 1500 1091 Aulis,
1523 1048 1562 1080 et
1583 1041 1742 1081 Caristo

342 1121 539 1146 marmore
568 1107 758 1146 fluctibus
788 1108 931 1146 colora.
971 1107 1146 1153 Quartus
1164 1106 1181 1133 2
1209 1119 1304 1144 vero
1333 1106 1520 1156 Europae
1550 1106 1663 1144 sinus
1691 1107 1740 1144 ab

342 1172 605 1223 Hellesponto
634 1172 830 1222 incipiens
858 1171 1005 1209 Meotis
1031 1169 1133 1208 ostio
1159 1170 1408 1215 terminatur,
1438 1171 1480 1207 (le
1508 1184 1580 1220 quo
1602 1171 1740 1209 Helles-

339 1244 459 1287 ponto
489 1249 607 1287 supra
635 1237 792 1274 abunde.
848 1235 990 1272 Hister
1008 1235 1022 1260 3
1056 1233 1205 1272 fluvius
1235 1239 1346 1271 ortus
1374 1234 1417 1270 in
1447 1233 1662 1272 Germania
1690 1235 1742 1273 de

343 1299 548 1338 cacumine
576 1299 723 1337 montis
752 1299 801 1336 ad
830 1311 974 1337 novem
1004 1297 1213 1346 sexaginta
1234 1310 1371 1335 amnes
1392 1310 1602 1335 assumens
1622 1298 1743 1336 etiam

341 1363 553 1401 Danubius
583 1363 801 1410 vocitatur;
833 1361 978 1400 dehinc
1006 1361 1102 1399 litus
1125 1360 1346 1399 Scithicum
1367 1361 1590 1399 confertum
1609 1362 1743 1400 multi-

341 1427 436 1477 plici
472 1427 707 1465 diversitate
742 1426 961 1464 barbarica.
1016 1425 1120 1463 Nam
1147 1425 1228 1463 illic
1257 1425 1370 1474 Gen),
1405 1425 1518 1475 Daci,
1549 1426 1744 1484 Sarmat137

340 1491 565 1541 Amaxobii,
602 1491 829 1537 Trocodite,
865 1490 987 1528 Alani
1016 1489 1255 1528 Germaniae
1291 1490 1419 1528 omnis
1454 1495 1619 1530 tractus.
1677 1491 1742 1528 Ab

340 1555 481 1595 Histro
511 1555 561 1593 ad
590 1568 783 1594 oceanum
812 1554 875 1593 bis
904 1554 1038 1593 decies
1067 1559 1227 1593 centum
1255 1555 1408 1592 milium
1444 1568 1635 1605 passuum
1666 1560 1740 1604 est,

341 1621 382 1657 in
419 1619 676 1658 latitudinem
719 1619 880 1657 milibus
923 1618 1230 1668 quadringentis
1272 1631 1401 1667 usque
1439 1618 1488 1656 ad
1526 1618 1743 1657 Armeniae

342 1684 596 1723 solitudines.
639 1683 738 1722 ‘Nec
771 1683 911 1734 procul
952 1682 1100 1721 fluvius
1141 1683 1252 1721 lacus
1295 1682 1504 1733 oppidum,
1549 1683 1623 1721 sub
1659 1696 1742 1722 uno

342 1755 485 1786 cuncta
512 1748 672 1786 nomine
700 1747 948 1786 Boristenes.
987 1747 1107 1785 quta
1132 1746 1304 1785 Achillis
1333 1746 1464 1785 insula
1494 1746 1580 1785 eius
1610 1748 1741 1798 sepul-

341 1812 436 1850 chro
481 1812 716 1850 caelebrata.
772 1812 978 1850 Introrsus
1019 1811 1157 1861 deguit
1199 1817 1268 1849 aut
1305 1810 1445 1861 Coete‚
1490 1811 1596 1862 apud
1641 1824 1743 1860 quos

447 1967 465 2003 1
497 1966 703 2014 Aegaeum
732 1964 850 2002 Blarl.
874 1963 943 2016 (R)
1024 1963 1223 2013 Corcyrae
1252 1963 1439 2001 Phalario
1462 1963 1580 2002 Mart.
1655 1966 1678 2001 2
1708 1977 1740 2002 c.

339 2028 558 2079 pscopulus
612 2029 638 2066 4
666 2028 809 2077 exiguo
839 2027 938 2065 mari
958 2027 1076 2067 Mart.
1133 2028 1157 2064 8
1187 2041 1218 2067 c.
1239 2027 1448 2077 longitudo
1468 2027 1585 2077 intra,
1615 2028 1741 2076 longi-

340 2094 436 2132 tudo
466 2095 578 2132 delevi
645 2094 668 2131 9
699 2106 729 2131 c.
760 2093 938 2131 boeticae
967 2105 988 2130 c
1015 2105 1110 2130 eras.
1181 2093 1229 2129 12
1259 2091 1449 2130 Chalcida
1479 2091 1598 2130 Mure.
1627 2091 1740 2144 (BR)

341 2157 533 2207 Carystos
554 2157 673 2196 Mart.
695 2157 882 2209 (caristos
901 2156 953 2207 B)
1004 2157 1050 2194 13
1071 2156 1279 2195 concolore
1300 2156 1418 2196 Mart.
1443 2156 1669 2207 (concolora
1688 2155 1741 2207 B)

340 2235 434 2260 vero
463 2234 632 2271 magnus
662 2220 780 2260 Mart.
840 2221 888 2258 14
916 2220 1088 2259 Maeotis
1118 2219 1238 2259 Mart.
1269 2220 1382 2272 (BR)
1441 2221 1488 2258 16
1523 2221 1740 2260 absumens

343 2320 461 2359 Mart.
492 2320 551 2372 (b)
640 2320 686 2358 17
718 2333 749 2359 c.
780 2319 935 2369 danius,
965 2333 1062 2359 corr.
1093 2319 1294 2358 danubius
1363 2333 1394 2360 c.
1425 2319 1474 2359 de
1493 2285 1665 2360 ”inclitus
1695 2320 1746 2359 Μ

344 2388 390 2423 19
420 2384 678 2436 Trogodytae
707 2378 826 2422 Mari.
896 2385 944 2423 ‘23
974 2384 1251 2434 Borysthenes
1281 2384 1402 2423 Mart.
1435 2383 1504 2436 (D)
1574 2390 1742 2436 propter

340 2449 511 2488 Achillis
548 2480 555 2489 .
588 2480 595 2488 .
627 2481 635 2489 .
673 2449 910 2488 celebratam
948 2449 1006 2500 (b)
1051 2448 1170 2487 Mart.
1254 2450 1304 2486 24
1333 2449 1487 2498 degunt
1528 2449 1742 2488 Auchetae

340 2514 458 2552 Jlarl.

434 2649 445 2677 ¹
471 2650 521 2684 ib.
551 2649 610 2692 VI,
637 2649 714 2684 659.
764 2648 780 2675 ’2
810 2649 865 2689 Vl„
892 2649 969 2683 661.
1018 2649 1033 2674 3
1061 2648 1117 2693 vl,
1145 2649 1319 2684 662—63.
