1916 3254
775 312 1038 348 —81—

205 422 245 459 in
275 420 592 471 septentriones7
627 425 779 458 aestate
817 420 858 457 in
887 423 1046 457 austros
1076 418 1282 467 occidunt,
1319 417 1601 456 vicissitudine

204 486 280 523 hac
322 485 492 522 durante
527 484 731 522 mensibus
773 483 893 522 senis.
952 482 1255 533 Septentriones
1298 481 1340 518 in
1382 494 1427 518 eo
1471 484 1603 518 tractu

205 548 328 587 semel
357 549 398 586 in
427 562 530 586 anno
559 562 633 586 nec
670 549 775 586 ultra
817 547 1045 596 quindecim
1087 547 1173 584 dies
1215 550 1374 597 parent,
1418 544 1524 582 sicut
1561 544 1601 581 in

205 612 390 662 plurimis
420 614 503 651 aliis
531 613 670 651 Indiae
698 612 798 650 locis
817 610 1032 661 perhibent
1053 610 1225 658 evenire,
1257 609 1410 646 calores
1430 607 1603 655 denique

207 675 366 725 syderis
394 676 529 726 prodit
556 675 762 713 hominum
792 675 920 723 color;
950 679 1140 712 montana
1168 671 1320 710 Picmei
1349 677 1500 710 tenent.
1547 672 1603 708 At
1655 678 1675 708 5

205 740 257 788 hi,
288 739 433 788 quibus
463 744 524 777 est
551 739 710 777 vicinus
740 751 911 776 oceanus
941 737 1027 775 sine
1056 737 1218 786 regibus
1238 736 1401 784 degunt.
1440 734 1605 772 Pandea

206 816 306 851 gens
335 816 357 840 a
385 802 546 841 feminis
575 802 740 851 regitur,
773 802 837 839 cui
864 801 1043 849 reginam
1072 802 1240 850 primam
1269 800 1485 848 adsignant
1503 799 1604 836 Her-

205 866 306 904 culis
335 865 468 904 filiam.
525 866 580 902 Et
607 865 708 903 Nisa
736 866 834 902 urbs
868 864 1025 913 regioni
1062 863 1130 901 isti
1167 863 1304 912 datur,
1341 875 1456 900 mons
1485 861 1605 900 etiam

206 928 293 967 Iovi
322 942 435 967 sacer
462 929 616 966 Metros
645 928 805 966 nomine
834 927 875 964 in
905 928 1019 965 cuius
1048 939 1171 977 specu
1198 927 1395 963 nutritum
1414 926 1605 963 Liberum

206 997 361 1042 patrem
389 996 546 1030 veteres
574 991 664 1029 Indi
693 990 909 1028 affirmant.
948 991 1076 1027 Extra
1096 989 1254 1027 Indiam
1274 989 1432 1027 insulae
1453 989 1605 1038 Crysae
1633 1001 1676 1032 10

207 1060 247 1093 et
273 1056 459 1104 Argyrae
495 1067 559 1092 nec
593 1067 670 1091 non
700 1054 924 1104 Taprobane
954 1055 996 1091 de
1026 1054 1156 1103 quibus
1183 1055 1274 1090 satis
1313 1066 1440 1103 supra.
1495 1053 1606 1090 Indis

210 1118 394 1156 omnibus
423 1118 621 1168 promissa
652 1118 850 1156 caesaries
870 1130 947 1154 non
971 1118 1058 1154 sine
1077 1117 1168 1155 fuco
1190 1116 1362 1154 cerulaei
1390 1121 1457 1153 aut
1479 1116 1607 1154 crocei

205 1180 368 1230 coloris;
398 1181 530 1219 cultus
558 1181 801 1231 praecipuus
830 1181 870 1218 in
891 1180 1078 1229 gemmis;
1109 1180 1243 1218 nullus
1271 1180 1459 1218 funerum
1487 1193 1606 1230 appa-

204 1251 329 1283 ratus.
368 1246 582 1284 Praeterea
611 1250 680 1282 aut
699 1245 825 1282 Iubae
855 1249 923 1281 aut
943 1244 1134 1282 Archelai
1162 1257 1301 1292 regum
1321 1244 1436 1281 libris
1456 1244 1607 1282 editum

206 1314 280 1357 est,
310 1309 351 1346 in
381 1316 576 1357 quantum
604 1309 746 1346 horum
775 1308 1013 1358 populorum
1042 1307 1224 1346 dissonat
1258 1308 1421 1345 habitus
1450 1321 1607 1356 quoque
1633 1319 1675 1351 15

206 1372 623 1422 discrepantissimus;
667 1372 734 1409 alii
763 1371 880 1409 lineis
919 1371 987 1409 alii
1027 1371 1155 1409 laneis
1197 1372 1326 1422 peplis
1365 1372 1606 1421 vestiuntur,

207 1449 301 1486 pars
332 1437 505 1474 obscena
533 1440 689 1473 tantum
710 1435 923 1485 amiculati,
953 1435 1116 1485 plurimi
1135 1435 1255 1473 etiam
1274 1435 1474 1474 flexilibus
1494 1436 1608 1474 libris

208 1499 465 1545 circumdati;
496 1499 658 1548 quidam
686 1499 826 1548 populi
853 1499 953 1536 adeo
973 1512 1159 1549 proceres
1178 1503 1224 1536 ut
1242 1499 1478 1549 elephantos
1497 1500 1609 1538 velut

207 1576 332 1611 equos
359 1562 551 1600 facillima
581 1563 845 1601 insultatione
873 1562 1115 1600 transiliant.
1162 1563 1352 1601 Plurimis
1381 1564 1513 1613 placet
1540 1577 1605 1602 ne-

209 1640 286 1675 que
315 1627 462 1664 animal
492 1627 673 1665 occidere
701 1640 832 1675 neque
860 1627 969 1665 vesci
1000 1627 1202 1676 carnibus⁷
1237 1627 1418 1677 plerique
1452 1632 1608 1665 tantum
1631 1637 1678 1670 20

207 1690 388 1741 piscibus
425 1692 598 1729 aluntur.
665 1690 769 1728 Sunt
807 1691 875 1739 qui
910 1691 1113 1741 proximos
1149 1697 1337 1741 parentes
1373 1691 1605 1742 priusquam

206 1755 323 1793 annis
352 1760 421 1792 aut
452 1754 704 1803 aegritudine
724 1754 765 1791 in
794 1755 959 1792 maciem
980 1759 1085 1803 eant,
1115 1754 1226 1792 velut
1244 1755 1398 1794 hostias
1420 1755 1577 1804 cedunt,
1600 1756 1607 1782 ¹

316 1906 339 1942 3
368 1906 409 1942 in
439 1918 542 1944 anno
572 1905 697 1943 semel
725 1905 800 1944 Sol.
831 1906 903 1956 (Η)
1051 1905 1156 1943 sicut
1183 1909 1322 1943 auctor
1350 1910 1412 1943 est
1439 1906 1607 1954 Baeton,

209 1969 277 2018 qui
306 1969 490 2019 perhibet
518 1969 594 2007 hoc
623 1970 663 2006 in
692 1969 745 2019 pl.
775 1970 808 2007 I.
837 1969 860 2007 l.
891 1982 924 2008 e.
954 1968 1031 2008 Sol.
1086 1969 1113 2005 4
1132 1967 1298 2021 calores]
1333 1982 1456 2007 versus
1485 1968 1610 2007 Solini

209 2034 365 2070 omissus
385 2040 435 2070 est
456 2032 559 2070 Indo
588 2031 744 2070 flumini
762 2032 1036 2082 proximantes
1056 2046 1175 2070 versa
1194 2032 1243 2070 ad
1264 2033 1472 2071 meridiem
1491 2034 1609 2084 plaga

213 2096 322 2134 ultra
351 2096 450 2134 alios
480 2101 688 2134 torrentur
717 2098 847 2135 calore
981 2097 1123 2135 calore.
1154 2097 1325 2145 denique
1354 2097 1436 2135 vim
1464 2097 1610 2136 sideris

211 2174 249 2210 p.
279 2160 317 2197 h.
348 2173 380 2198 c.
409 2159 487 2198 Sol.
520 2161 593 2211 (H)
650 2163 673 2199 5
703 2161 899 2212 Pygmaei
927 2160 1004 2199 Sol.
1060 2162 1083 2197 6
1103 2160 1292 2198 Pandaea
1318 2160 1396 2198 Sol.
1453 2164 1476 2200 8
1495 2161 1609 2210 Nysa

210 2222 288 2261 Soc.
319 2223 613 2275 (LGPBern.)
670 2226 694 2263 9
722 2225 858 2262 Meros
887 2224 964 2263 Sol.
996 2225 1069 2274 (H)
1127 2226 1176 2263 10
1203 2229 1316 2262 extra
1344 2224 1434 2262 Indi
1463 2224 1610 2262 ostium

210 2291 306 2324 sunt
324 2287 398 2324 ins.
420 2287 522 2326 duae
543 2287 699 2337 Chryse
719 2293 759 2326 et
777 2289 938 2338 Argyre
958 2287 1036 2329 Sol.
1088 2301 1162 2326 nec
1180 2301 1260 2326 non
1281 2288 1518 2338 Taprobane
1534 2294 1608 2327 etc.

211 2352 305 2389 deest
336 2350 414 2390 Sol.
471 2353 518 2388 11
540 2365 572 2390 c.
601 2352 734 2400 indiis,
756 2366 852 2391 corr.
872 2352 979 2391 indis
1037 2353 1086 2389 14
1112 2357 1157 2389 ut
1184 2352 1309 2389 Iubae
1330 2356 1370 2389 et
1388 2353 1510 2390 Arch.
1531 2351 1608 2391 Sol.

211 2415 270 2466 (h)
343 2415 389 2452 15
419 2429 549 2454 mores
578 2417 712 2466 popul.
743 2415 954 2455 dissonant
982 2416 1054 2467 (H)
1084 2415 1160 2454 Sol.
1245 2414 1291 2452 17
1322 2429 1416 2465 pars
1446 2416 1541 2453 nudi
1571 2430 1609 2466 p.

213 2491 247 2517 o.
269 2478 345 2517 Sol.
369 2479 440 2529 (H)
499 2479 547 2516 18
575 2480 730 2529 proceri
758 2479 836 2519 Sol.
893 2481 940 2517 21
971 2481 1134 2518 aluntur
1162 2484 1201 2518 et
1229 2481 1329 2517 mari
1358 2481 1503 2518 vivunt
1531 2479 1607 2518 Sol.

211 2547 480 2592 parentesque
509 2541 586 2580 Sol.
617 2542 689 2593 (H)
745 2544 795 2579 22
825 2556 856 2581 c.
886 2545 1014 2582 amnis
1043 2558 1082 2581 m
1112 2546 1151 2582 ln
1179 2557 1206 2582 n
1234 2552 1383 2583 correct.

311 2712 321 2737 ¹
347 2714 368 2745 i.
395 2723 424 2746 e.
451 2712 613 2746 caedunt.
