1916 3254
245 959 290 992 10

246 1281 288 1312 15

247 1600 293 1633 20

888 260 1149 297 —68-„

314 370 427 409 iuxta
473 370 603 408 lacum
645 369 928 419 Mareoticum,
978 369 1047 417 qui
1093 369 1351 420 quamplures
1397 367 1551 407 insulas
1596 369 1719 407 habet

313 438 545 482 tractusque
575 433 904 482 quadringentos,
945 432 1070 471 Cuius
1098 439 1180 471 tam
1207 432 1417 482 longitudo
1448 446 1567 481 quam
1595 433 1718 472 etiam

314 497 484 535 latitudo
524 502 693 535 centena
721 497 1005 546 quinquagena
1032 496 1143 535 milia
1171 510 1365 548 passuum
1401 501 1552 535 tenent.
1599 496 1719 535 Unde

314 562 420 599 ultra
450 561 700 599 Pelusiacum
734 561 912 599 hostium
941 561 1093 599 Arabia
1122 566 1183 600 est
1212 561 1264 598 ad
1293 560 1477 598 Rubrum
1510 561 1718 611 pertinens

314 638 422 663 mare
450 624 558 674 quod
586 624 792 663 Eritreum
821 625 870 662 ab
900 624 1038 663 Eritra
1065 638 1171 674 rege,
1202 623 1367 663 Persaei
1395 629 1435 662 et
1462 623 1721 663 Andromede

314 688 397 726 filio
426 689 667 737 vocitatum,
698 701 721 726 a
751 688 882 727 colore
912 689 1033 726 etiam
1062 689 1216 727 dictum
1244 688 1441 726 Rubrum.
1497 687 1600 725 Nam
1628 687 1720 726 fons

314 753 354 790 in
389 752 524 801 litore,
564 765 682 801 quem
720 765 810 790 cum
845 766 989 802 greges
1024 753 1217 801 biberint,
1263 752 1304 789 in
1342 752 1509 790 rubrum
1545 752 1720 790 colorem

314 815 514 866 incipiunt
555 821 711 854 mutare
754 817 878 855 lanas.
946 817 1081 855 Huius
1123 817 1245 854 maris
1294 816 1488 866 oppidum
1533 816 1719 854 Arsione.

315 880 466 918 Verum
503 880 601 918 haec
643 880 793 918 Arabia
828 881 1013 930 procedit
1040 894 1170 929 usque
1213 880 1455 919 odoriferam
1483 893 1529 918 ac
1557 880 1724 918 divitem

314 949 474 983 terram.
529 944 647 982 Hanc
675 945 901 982 Arabiaml
937 944 1057 983 Greci
1092 945 1368 983 Eudemonem
1402 944 1533 982 nostri
1567 944 1724 982 beatam

314 1008 503 1047 nominav
507 1013 636 1057 erunt,
656 1009 808 1046 Arabia
828 1014 961 1047 tamen
981 1009 1191 1059 appellata,
1221 1009 1263 1046 id
1284 1013 1346 1047 est
1365 1021 1491 1058 sacra,
1522 1008 1598 1046 hoc
1619 1009 1724 1046 enim

315 1072 544 1121 significare
574 1073 906 1122 inteipretantur

422 1135 501 1174 Sed
519 1136 535 1162 2
564 1136 675 1175 iuxta
704 1142 767 1175 est
787 1136 917 1186 Syria,
948 1137 1087 1174 multis
1117 1137 1311 1175 distincta
1339 1135 1582 1174 nominibus.
1621 1135 1723 1173 Nam

316 1206 356 1240 et
392 1200 599 1238 Palestina
641 1205 724 1249 est,
767 1214 869 1249 quae
912 1201 1112 1249 contingit
1153 1200 1366 1249 Arabiam,
1410 1205 1451 1237 et
1491 1200 1643 1237 Iudaea
1685 1206 1724 1238 et

316 1264 525 1313 Poenicea,
556 1268 595 1302 et
616 1268 810 1312 quantum
839 1264 1007 1302 interior
1035 1264 1207 1302 habetur
1225 1264 1514 1312 Damascenae,
1547 1264 1588 1301 in
1610 1264 1726 1301 meri-

317 1329 424 1366 diem
451 1341 625 1377 vergens
657 1328 898 1378 Babylonia,
937 1342 985 1366 ex
1023 1328 1164 1366 eadem
1191 1327 1485 1378 Mesopotamia
1513 1327 1618 1365 inter
1647 1328 1728 1364 Eu-

315 1392 449 1430 fraten
477 1397 517 1430 et
537 1392 691 1441 Tigrin,
722 1406 801 1441 qua
829 1392 977 1430 transit
997 1392 1175 1430 Taurum
1203 1398 1380 1430 montem
1401 1391 1602 1442 Sophone.
1625 1391 1726 1429 citra

317 1470 413 1495 vero
450 1470 537 1495 eam
576 1456 845 1506 Commagene
881 1462 921 1495 et
958 1457 1066 1494 ultra
1100 1457 1311 1505 Armenia,
1357 1462 1396 1495 et
1425 1455 1597 1506 Assyria
1635 1463 1727 1493 ante

319 1521 446 1570 dicta;
478 1526 518 1559 et
547 1522 615 1558 ubi
638 1520 780 1559 Cilicia
810 1526 849 1559 et
876 1521 1030 1559 Arabia
1059 1521 1355 1570 quadringenta
1384 1520 1495 1558 milia
1524 1533 1726 1570 passuum,

318 1585 490 1623 latitudo
521 1591 655 1623 autem
684 1599 707 1623 a
737 1585 915 1623 Seleutia
945 1585 994 1623 ad
1026 1586 1219 1636 oppidum
1247 1584 1431 1623 Eufratis
1460 1584 1611 1622 Zeuma
1641 1597 1728 1623 cen-

318 1654 405 1687 tum
434 1650 692 1699 septuaginta
722 1649 899 1698 quinque
927 1649 1049 1688 milia.
1091 1649 1222 1699 Supra
1250 1649 1456 1687 Idumeam
1486 1654 1525 1686 et
1546 1648 1729 1686 Samarin

320 1714 467 1752 Iudaea
508 1713 628 1762 longe
671 1714 830 1762 lateque
872 1712 1068 1752 funditur.
1133 1713 1235 1751 Pars
1278 1714 1365 1751 eius
1409 1712 1551 1762 Syriae
1594 1713 1730 1750 iuncta

321 1778 475 1816 Galilea
504 1783 690 1827 vocatur,
727 1792 749 1816 a
779 1778 924 1816 ceteris
954 1778 1040 1816 eius
1069 1778 1255 1828 partibus
1284 1777 1465 1816 Jordane
1503 1790 1619 1815 amne
1649 1777 1730 1814 dis·

428 1891 445 1925 1
479 1889 706 1940 complures
736 1890 760 1928 i.
791 1890 828 1927 h.
859 1889 1133 1938 traiectusque
1164 1889 1284 1928 Mart.
1403 1890 1426 1926 5
1457 1888 1731 1938 Erythraeum

322 1984 329 1992 .
353 1983 360 1991 .
381 1953 560 2003 Erythra
590 1953 710 1991 Blart.
742 1953 810 2004 (B)
899 1954 1035 1992 Persei
1066 1953 1185 1992 Mart.
1293 1952 1579 1991 Andromedae
1609 1952 1730 1990 Mart.

639 2025 656 2043 0

323 2052 394 2104 (D)
495 2054 518 2089 (5
549 2065 581 2090 c.
612 2052 746 2100 calore
777 2052 841 2090 M‘v'
923 2053 1017 2090 fons
1046 2058 1107 2090 est
1138 2052 1257 2091 Mart.
1354 2053 1379 2089 8
1408 2052 1580 2090 Arsinoe
1612 2051 1728 2089 Mart.

321 2118 345 2154 9
374 2131 514 2156 verum
542 2118 695 2155 Arabia
723 2116 904 2155 tenditur
932 2131 969 2154 u.
1000 2117 1120 2155 chm.
1228 2131 1259 2156 c.
1291 2116 1534 2165 ffldoriferam
1563 2117 1588 2154 d
1619 2131 1668 2154 121·
1698 2116 1733 2153 cl

321 2183 522 2220 cenitensi!
555 2181 619 2218 Jl2
723 2182 771 2218 10
800 2181 1045 2232 εὐδαιμονα
1077 2181 1164 2219 Isid.
1270 2182 1317 2218 14
1347 2180 1580 2219 Palaestina
1610 2180 1731 2217 Mart.

321 2246 437 2297 (BD)
507 2245 555 2283 15
585 2245 803 2283 Phoenicia
833 2245 953 2283 Mart.
1027 2245 1278 2283 Damascene
1310 2244 1428 2282 Mart.
1520 2244 1567 2281 16
1598 2251 1636 2282 et
1667 2257 1731 2282 ea-

322 2311 412 2348 dem
447 2309 567 2347 Um!
608 2310 664 2351 (et
700 2324 748 2347 ω·
781 2310 897 2359 1>th)
935 2309 1049 2358 (BD)
1225 2309 1461 2359 Euphiaten
1502 2307 1622 2347 Harl.
1662 2307 1732 2354 (D3

324 2375 372 2412 17
403 2374 557 2422 Tigrim
587 2373 705 2411 llum!
737 2373 894 2423 (tygrin
922 2373 976 2423 D)
1034 2372 1220 2423 Sophene
1250 2373 1368 2411 llatl.
1402 2372 1516 2424 (BD)
1583 2373 1634 2411 2⁴)
1664 2371 1736 2410 Se-

322 2438 783 2487 leuci-1...Euph1atis
813 2437 992 2485 Zeugma
1023 2437 1073 2488 (B
1086 2437 1138 2487 R)
1179 2437 1299 2475 llam.
1423 2437 1469 2473 21
1506 2436 1732 2474 idumaeam

325 2503 411 2553 (id)
417 2516 542 2540 meam
572 2503 623 2547 R)
655 2510 694 2539 et
724 2502 943 2539 Samariam
974 2501 1088 2551 (BR)
1119 2501 1238 2539 Mart.
1323 2503 1372 2538 *22
1403 2500 1584 2538 iniuncta
1615 2499 1734 2538 Mart.

325 2568 375 2604 523
405 2566 438 2604 G
445 2567 557 2603 aliia(
563 2580 584 2603 a
615 2566 734 2604 ilat!
766 2565 880 2615 (1313

427 2647 786 2721 1vxlgid.xlv,3
832 2679 881 2712 ΙΓ).
931 2677 1262 2711 “3]Ι;ιι·1.ΥΙ,Γ»Ῑ8
1313 2678 1367 2710 79.
