1916 3254
780 253 1037 289 -21—

314 363 431 402 Samo
456 365 467 391 l
494 363 626 402 insula
652 364 693 401 in
722 363 822 401 mari
852 364 1024 411 Aegaeo,
1054 361 1123 399 ubi
1151 367 1245 399 nata
1274 365 1335 399 est
1360 360 1474 408 Iuno,
1505 361 1598 397 sicut

208 428 321 478 refert
355 428 536 466 Isidorus.
591 428 655 465 Ex
688 441 766 476 qua
806 426 884 465 fuit
928 425 1074 476 sybilla
1103 425 1236 463 Samia
1271 430 1310 462 et
1345 423 1600 473 Pytha-goras

208 491 380 540 Samios3
410 492 451 529 in
480 492 554 529 hac
582 492 713 529 insula
741 495 899 541 reperta
926 489 1037 540 prius
1073 488 1211 527 fictilia
1238 501 1336 526 vasa
1372 488 1599 536 traduntur,

206 556 313 594 unde
341 562 381 594 et
407 569 504 594 vasa
533 555 666 593 Samia
694 555 895 604 appellata
922 560 1028 592 sunt.

310 620 419 659 Atho
436 620 452 646 ⁴2
481 620 604 657 monti
635 620 808 657 Lemnos
836 619 1016 656 adversa.
1068 618 1273 666 Pegaseus
1302 616 1414 654 sinus
1444 615 1598 665 Scyron

205 683 410 734 prospicit.

310 746 462 785 Verum
480 747 495 773 3
524 745 828 795 opulentissima
857 744 1037 783 Caristos
1065 749 1105 783 et
1134 743 1284 794 Calcis,
1316 744 1419 782 circa
1439 744 1453 771 ⁴
1481 744 1596 782 Pelo-

203 823 438 860 ponnenson
465 810 693 847 etiamnunc
720 809 761 845 in
789 810 926 856 Aegeo
964 808 1185 857 Pytinussa
1220 814 1260 846 et
1293 809 1463 858 Aegyna
1500 807 1596 857 Epi-

204 873 366 911 daurico
395 872 520 911 littori
549 871 740 922 proxima.

304 937 418 974 Inter
442 935 640 984 ignobiles
666 935 764 973 alias
785 935 889 973 loeto
905 935 1163 973 Demostenis
1179 935 1344 984 nobilis;
1362 936 1402 972 in
1418 936 1568 985 Myrtio
1580 936 1594 962 5

204 999 391 1048 Cythera,
419 998 661 1047 Dulichium,
692 998 798 1036 unde
827 998 1023 1047 Virgilius

598 1085 807 1123 Dulichias
836 1099 1004 1124 vexasse
1031 1091 1150 1124 rates.
1170 1088 1184 1111 *ἱ

302 1174 356 1211 Et
397 1173 502 1212 inter
536 1187 616 1213 non
656 1173 854 1222 ignobiles
894 1173 1026 1211 Ulixis
1070 1172 1231 1211 nomine
1267 1173 1379 1211 Itaca
1422 1174 1593 1212 maxime

195 1238 392 1276 inlustris.

297 1302 343 1340 In
372 1302 508 1352 Epyro
538 1301 799 1352 Strophades,

297 1366 447 1404 Contra
474 1366 731 1404 Ambrasium
760 1367 892 1404 sinum
925 1366 1128 1404 Leucadia
1158 1372 1193 1404 et
1222 1367 1353 1404 w'cina
1381 1366 1589 1405 Adriatico

191 1430 289 1468 mari
320 1429 487 1480 Cortira,
516 1430 696 1479 aliaeque
724 1430 871 1480 plures.

294 1494 453 1532 Deinde
482 1494 629 1543 Sicilia,
661 1496 703 1532 de
733 1508 805 1544 qua
835 1494 988 1532 Solinus
1014 1496 1044 1531 :7
1074 1494 1182 1542 Ergo
1204 1494 1341 1532 Sicilia
1370 1495 1477 1544 quod
1500 1509 1589 1533 cum

188 1558 329 1608 primis
373 1558 668 1608 adsignandum
710 1563 790 1608 est,
833 1557 994 1596 diffusis
1027 1559 1348 1608 prominentibus
1390 1558 1588 1608 triquetra

191 1622 324 1672 specie
365 1622 576 1671 figuratur.
631 1622 836 1660 Pachinus
878 1627 1067 1672 aspectus
1109 1623 1150 1660 in
1184 1623 1504 1673 Peloponensem
1548 1629 1587 1662 et

189 1685 450 1724 meridianam
478 1686 637 1736 plagam
668 1686 817 1736 dirigit,
848 1686 1029 1725 Pelorias
1058 1687 1228 1726 adverso
1248 1688 1407 1738 vesperi
1427 1688 1586 1725 Italiam

187 1749 316 1798 videt,
354 1750 578 1788 Liliboeum
606 1750 646 1787 in
675 1750 815 1788 Africa
857 1750 1104 1799 extenditur;
1135 1751 1240 1789 inter
1268 1764 1370 1800 quae
1408 1752 1585 1790 Pelorias

293 1908 311 1943 1
343 1913 405 1945 est
432 1908 530 1945 mari
558 1909 720 1957 Aegaeo
750 1908 841 1947 Ise'cl.
910 1908 934 1945 3
964 1921 995 1947 c.
1026 1882 1158 1947 sambs
1187 1909 1234 1947 M
1300 1911 1323 1947 5
1352 1911 1584 1960 Pegasaeus

185 1970 271 2009 Mel.
315 1971 382 2022 (B)
492 1972 513 2008 7
557 1972 882 2022 opulentissimae
918 1972 1004 2011 Mel.
1115 1973 1307 2023 Carystos
1336 1974 1423 2015 Mel.
1469 1975 1581 2026 (AB)

183 2034 342 2073 Chalcis
371 2036 458 2074 Mel.
502 2036 659 2087 (GLP)
740 2037 1048 2088 Peloponneson
1078 2038 1165 2077 Mel.
1206 2039 1269 2089 (C)
1360 2040 1386 2077 8
1419 2041 1582 2089 Aegaeo

183 2099 268 2138 Mel.
301 2099 371 2151 (A)
452 2100 675 2150 Pitynussa
703 2100 790 2140 Mel.
822 2102 890 2152 (R)
972 2103 1132 2152 Aegina
1160 2103 1248 2142 Mel.
1336 2106 1386 2142 10
1414 2105 1582 2143 Demos-

180 2163 312 2202 thenis
340 2164 429 2202 Mel.
468 2164 534 2215 (B)
616 2165 777 2215 Myrtoo
816 2165 903 2204 Mel.
942 2167 1011 2217 (A)
1123 2168 1170 2205 13
1205 2168 1347 2207 Ithaca
1380 2169 1468 2207 Mel.
1511 2169 1579 2220 (B)

184 2263 231 2299 15
272 2262 396 2312 Epiro
425 2263 511 2302 Met.
600 2265 648 2302 16
690 2265 948 2303 Ambracium
985 2266 1072 2305 Met.
1155 2280 1186 2305 ο.
1223 2235 1382 2307 adflato
1412 2268 1459 2306 M
1497 2270 1579 2307 Ha-

182 2325 348 2364 driatico
377 2327 463 2365 Mel.
494 2329 560 2379 (B)
635 2329 683 2366 17
713 2329 889 2379 Corcyra
917 2330 1004 2369 Mel.
1037 2331 1104 2381 (B)
1175 2333 1226 2370 2Ο
1255 2332 1470 2383 Pachynus
1499 2332 1576 2371 Sol.

179 2389 500 2441 Peloponnesum
527 2393 605 2431 Sol.
635 2394 707 2445 (H)
781 2396 827 2432 21
860 2396 1031 2434 adversa
1059 2395 1136 2435 Sol.
1169 2397 1227 2448 (h)
1300 2410 1469 2448 vespero
1499 2398 1576 2436 Sol.

180 2454 229 2490 22
258 2454 482 2493 Lilibaeum
509 2455 587 2495 Soc.
643 2457 823 2497 Africam
850 2459 927 2498 Sol.
959 2460 1068 2511 (HS)

275 2612 283 2637 ¹
310 2622 354 2645 ex
381 2612 466 2647 Isid.
492 2613 590 2657 XIV,
616 2614 649 2655 6,
675 2615 729 2649 31.
778 2615 794 2641 2
819 2627 864 2649 ex
889 2616 968 2651 Mel.
998 2618 1040 2659 ΙΙ,
1074 2619 1151 2652 106.
1201 2619 1216 2646 3
1242 2631 1285 2653 ex
1314 2621 1391 2656 Mel.
1417 2621 1461 2656 11.
1490 2621 1568 2655 108.

177 2669 190 2695 4
215 2679 260 2701 ex
289 2670 366 2704 Mel.
394 2670 441 2714 ΙΙ,
466 2672 544 2705 109.
597 2671 612 2698 5
638 2684 682 2704 ex
709 2674 788 2708 Mel.
814 2674 859 2716 ΙΙ,
885 2676 964 2710 110.
1022 2676 1037 2701 6
1063 2677 1134 2711 Eel.
1165 2677 1224 2721 VJ,
1252 2679 1305 2712 76.
1358 2679 1372 2705 Τ
1396 2679 1439 2721 V7
1463 2680 1570 2713 2-9.

1621 933 1666 966 1o

1618 1307 1660 1341 15

1613 1628 1658 1662 20
