1916 3254
243 927 286 959 10

243 1247 284 1280 15

887 232 1146 269 —60-

312 343 447 391 tagine
475 343 590 380 abest
618 341 809 380 trecentis
839 342 1020 391 milibus3
1049 341 1100 379 ad
1128 341 1317 379 maiorem
1336 355 1431 380 vero
1460 355 1530 392 per
1550 342 1711 380 deserta

311 406 504 456 pergitur,
533 418 635 454 quae
664 405 920 456 serpentibus
950 405 1123 444 diversis
1151 419 1198 444 ac
1225 405 1324 443 feris
1355 405 1572 445 habitatur.
1609 406 1710 444 Post

311 471 409 508 haec
437 470 718 515 Garamantes3
750 482 870 520 super
898 469 972 507 hos
1002 469 1167 508 fuerunt
1187 470 1313 508 Psilli.
1356 469 1406 506 In
1435 469 1593 508 deflexu
1613 471 1708 508 civi-

312 539 373 572 tas
395 533 539 572 Oensis
561 538 600 571 et
628 533 769 583 Leptis
797 546 953 582 magna.
996 533 1092 572 Inde
1115 534 1248 583 Syrtis
1277 533 1404 571 maior
1432 534 1602 571 circuitu
1621 546 1709 572 sex-

313 602 519 636 centorum
560 597 701 646 viginti
737 598 913 646 quinque
948 597 1111 636 milium.
1169 598 1283 635 Tunc
1322 597 1543 647 Cyrenaica
1578 597 1711 648 regi03

312 662 450 700 eadem
480 667 540 700 est
559 661 869 711 Pentapolitana
887 662 1096 700 Ammonis
1127 662 1285 700 oraculo
1316 665 1544 699 memorata.
1577 661 1709 699 Urbes

312 726 506 764 maximae
535 726 590 764 ibi
615 726 791 775 quinque
810 726 1042 776 Beronicae,
1071 726 1255 775 Arsinoe,
1287 725 1558 775 Tholomaida,
1588 726 1711 776 Apol-

312 790 419 828 lonia
457 791 623 840 ipsaque
662 790 841 829 Oirenae.
898 790 1092 828 Berenice
1128 796 1260 827 autem
1294 790 1334 827 in
1371 794 1547 828 extremo
1577 789 1711 839 Syrtis

312 867 454 903 cornU,
496 854 566 892 ubi
593 854 865 904 Aesperidum
894 855 1019 904 orti,¹
1056 854 1204 892 fluvius
1233 855 1406 903 Loeton,
1442 854 1557 892 lucus
1587 867 1710 903 sacer,

311 919 426 956 abest
453 931 476 955 a
495 918 614 969 Lepti
641 919 833 957 trecentis
864 919 1120 969 septuaginta
1148 919 1324 967 quinque
1352 918 1513 955 milibus
1542 921 1582 956 et
1601 917 1711 955 dein-

312 995 406 1032 ceps
449 982 653 1021 Tolomais
694 983 841 1032 viginti
883 983 1058 1031 duobus,
1102 983 1321 1033 proculque
1366 982 1630 1020 Catabatmon
1672 988 1712 1020 et

310 1047 575 1085 Marmarides
619 1052 658 1085 et
700 1048 738 1085 in
783 1060 850 1084 ora
893 1047 978 1085 eius
1015 1047 1286 1096 Nasamones,
1333 1047 1476 1085 deinde
1517 1046 1711 1084 Mareotis

310 1110 581 1148 Maritonium.
637 1111 738 1148 Inde
772 1110 874 1160 Apis
908 1111 1089 1160 Aegypti
1130 1111 1240 1149 locus
1275 1124 1298 1148 a
1339 1124 1415 1159 quo
1451 1111 1712 1149 Paretonium

311 1174 523 1224 sexaginta
561 1175 716 1212 duobus
752 1174 927 1212 milibus.
983 1174 1081 1212 Inde
1109 1175 1357 1212 Alexandria
1386 1176 1558 1213 ducenta
1591 1175 1711 1212 milia.

415 1239 589 1276 Interior
618 1243 752 1276 autem
780 1238 920 1276 Africa
949 1239 999 1275 ad
1028 1238 1235 1276 meridiem
1265 1251 1409 1276 versus
1445 1239 1712 1276 intervenien-

310 1303 418 1340 tibus
460 1303 632 1341 desertis
673 1303 795 1340 habet
836 1303 1196 1352 Leucoaethyopes
1238 1302 1418 1351 Nigr-itas
1467 1307 1507 1340 et
1553 1314 1714 1351 campos

309 1372 587 1405 monstruosae
612 1366 818 1416 novitatis,
853 1372 945 1418 post
966 1380 1067 1416 quos
1094 1366 1334 1405 solitudines
1360 1366 1589 1415 fugiendae,
1625 1379 1712 1404 ver-

310 1443 379 1468 sus
407 1429 681 1469 interveniens
709 1430 858 1469 fluvius
894 1431 1018 1479 Niger
1052 1431 1155 1481 eius,
1200 1431 1314 1469 cuius
1344 1431 1461 1469 Nilus
1503 1436 1565 1468 est
1600 1444 1711 1481 pror·

309 1508 379 1533 sus
407 1500 586 1538 naturae.
642 1495 751 1533 [nter
780 1495 1019 1533 solitudines
1058 1495 1213 1544 degunt
1240 1495 1456 1533 Hatlantes
1485 1494 1554 1543 qui
1582 1507 1712 1543 neque

309 1558 414 1597 inter
442 1572 485 1597 se
513 1559 594 1597 ulla
622 1562 784 1597 nomina
811 1559 961 1598 habent
989 1564 1029 1598 et
1049 1561 1122 1598 soli
1152 1560 1484 1610 interpreoantur,
1517 1558 1624 1608 quod
1644 1572 1712 1597 eos

311 1637 399 1662 cum
429 1624 629 1662 messibus
658 1638 816 1674 semper
845 1625 1041 1662 amburat.
1096 1624 1153 1662 Hi
1180 1638 1398 1673 numquam
1427 1623 1626 1662 somniare
1655 1624 1712 1662 vi-

311 1687 468 1726 dentur.
508 1688 778 1726 Trochoditae
807 1689 850 1726 in
878 1689 1079 1739 specubus
1108 1694 1283 1737 manent,
1312 1695 1611 1738 vescunturque
1631 1702 1709 1727 ser-

415 1823 437 1858 2
466 1822 699 1860 habitantur
727 1822 847 1861 Mart.
895 1823 918 1859 3
947 1822 1077 1872 Psylli
1106 1822 1226 1861 Mart.
1257 1823 1328 1873 [ωε
1350 1822 1472 1873 min.)
1529 1823 1554 1859 4
1583 1822 1707 1861 Oeen-

309 1886 366 1924 sis
396 1886 517 1925 Marl.
598 1899 630 1924 c.
662 1886 816 1936 circuit,
848 1900 945 1925 corr.
978 1887 1148 1925 circuitu
1229 1888 1249 1924 7
1280 1887 1476 1925 Berenice
1506 1917 1513 1924 .
1545 1917 1552 1925 .
1583 1887 1711 1925 Ptole-

309 1950 442 1988 maida
470 1981 477 1989 .
510 1981 518 1988 .
550 1950 706 2000 Cyrene
736 1951 856 1989 Blarl.
964 1953 988 1989 9
1016 1951 1290 2000 Hesperidum
1326 1951 1446 1990 Μαι-1.
1477 1956 1580 2000 (esp.
1610 1951 1710 1999 BR)

309 2016 467 2054 Lethon
499 2015 616 2054 Μανὶ.
649 2016 772 2067 (leton
793 2015 890 2064 BR)
940 2017 984 2053 11
1008 2016 1227 2054 Ptolemais
1258 2016 1377 2054 Mart.
1410 2016 1587 2067 (ptolom.
1608 2015 1707 2063 BD)

311 2079 601 2118 Catabathmon
630 2080 751 2118 Mart.
783 2081 849 2130 (B)
921 2082 968 2118 12
999 2094 1066 2118 ora
1096 2080 1229 2130 Syrtis
1258 2080 1378 2118 Mart.
1451 2081 1497 2117 13
1528 2080 1710 2118 Paraeto-

308 2145 419 2182 nium
448 2144 568 2183 Illarl.
599 2144 878 2196 (maretonium
906 2144 958 2195 B)
1030 2146 1077 2181 14
1106 2144 1146 2181 in
1177 2144 1386 2193 sexaginta
1415 2144 1535 2182 Jlart.
1574 2144 1630 2194 (in
1659 2142 1710 2190 B)

310 2209 495 2247 ducentis
515 2208 675 2247 milibus
696 2208 816 2246 illari.
838 2209 896 2259 (b)
1006 2209 1054 2245 16
1084 2209 1403 2258 Leucaethiopes
1424 2208 1543 2246 Mart.
1568 2207 1709 2258 (leuco.

308 2273 394 2324 Bb)
446 2275 490 2312 17
512 2273 562 2310 ad
584 2273 776 2311 orientem
797 2286 952 2311 versus.
973 2272 1122 2311 fluvius
1142 2273 1267 2322 Niger
1288 2273 1408 2311 Mart.
1469 2273 1516 2310 18
1537 2285 1568 2311 c.
1589 2272 1710 2310 inter-

308 2372 455 2412 venien
484 2346 601 2412 fidius
631 2373 718 2425 (M)
759 2373 885 2424 niger,
915 2387 1011 2412 corr.
1043 2373 1210 2412 veniens
1240 2373 1386 2412 fluvius
1445 2375 1492 2412 1¹.)
1522 2373 1710 2411 Atlantes

310 2471 429 2511 sslarl.
495 2473 546 2511 20
574 2472 654 2510 ulla
682 2473 787 2510 inter
815 2485 858 2510 se
879 2472 997 2511 Mart.
1067 2486 1098 2511 c.
1130 2446 1446 2525 interprecantbr
1467 2472 1514 2510 M
1579 2473 1710 2524 inpre-

310 2541 453 2574 cantur
481 2536 601 2575 Mart.
658 2537 707 2573 22
737 2537 994 2587 Trogodytae
1024 2537 1143 2576 Mart.

408 2648 417 2673 ¹
443 2649 468 2684 i.
496 2659 524 2682 e.
553 2648 660 2682 horti.
