1916 3254
766 270 1026 304 ——31—

196 376 372 414 colarum
400 375 482 413 ritu
510 389 666 426 aspere,
696 376 796 414 alias
824 376 886 424 ita·
908 376 1103 426 pabulosa
1129 380 1173 412 ut
1199 387 1345 424 pecora
1372 374 1448 412 nisi
1468 374 1589 412 inter-

196 439 291 477 dum
311 452 333 476 a
353 440 534 489 pastibus
555 444 778 488 arceantur,
799 440 849 477 ad
869 440 1091 489 periculum
1111 447 1205 487 agat
1225 438 1365 476 sacias.
1399 437 1486 475 Illic
1505 437 1591 474 nul-

195 503 259 541 lus
288 503 452 551 anguis,
482 504 568 541 avis
597 516 704 552 rara,
739 516 839 552 gens
874 503 1077 552 inhospita
1105 507 1146 539 et
1179 502 1368 539 bellicosa
1397 500 1592 549 sanguino

194 567 526 616 interemptorum
563 568 705 605 hausto
748 567 860 617 prius
897 567 1072 605 victores
1105 565 1244 604 vultus
1273 578 1368 603 suos
1411 564 1590 610 illinunt;

195 630 258 668 fas
275 643 320 668 ac
334 630 448 668 nefas
463 631 602 668 eodem
621 631 707 668 loco
727 630 890 667 ducunt.
919 630 1022 679 Apis
1041 642 1250 677 nusquam,
1272 628 1485 666 advectum
1500 626 1593 664 inde

196 694 402 743 pulverem
423 707 495 731 seu
514 693 670 743 lapillos
691 693 725 730 si
746 693 835 741 quis
855 692 1049 742 sparserit
1068 692 1174 730 inter
1193 692 1380 740 alvearia,
1413 690 1594 730 examina

195 758 311 796 favos
328 758 524 796 deserent.
555 757 635 794 Sed
655 770 762 795 mare
779 757 885 804 quod
904 756 1009 794 inter
1028 756 1131 794 hano
1151 762 1190 793 et
1209 754 1452 792 Brittaniam
1472 754 1593 791 inter-

195 822 280 870 luit,
300 821 500 859 undosum
518 820 821 868 inquietumque
841 825 925 858 toto
945 820 986 856 in
1007 832 1124 869 anno,
1151 819 1230 857 nisi
1249 818 1431 869 pauculis
1452 817 1594 855 diebus

197 892 258 923 est
286 884 526 932 navigabile,
556 884 691 932 itaque
719 883 760 920 in
789 888 949 921 centum
977 883 1122 931 viginti
1151 883 1259 919 milia
1288 895 1480 931 passuum
1507 880 1593 917 lati-

196 948 347 986 tudinis
377 947 570 995 diffundi,
613 947 681 994 qui
709 946 829 984 fidem
857 946 908 983 ad
935 959 1076 984 verum
1104 947 1294 983 rationati
1323 951 1436 989 sunt,
1474 944 1593 982 aesti-

197 1016 418 1050 maverunt.
467 1010 705 1048 Silvestram
734 1023 892 1058 quoque
922 1010 1095 1047 insulam
1124 1010 1172 1046 ab
1203 1023 1273 1047 ora
1302 1023 1421 1057 quani
1450 1009 1593 1057 ingens

194 1075 488 1112 Brittannicam
504 1078 615 1112 tenet
630 1074 836 1111 turbidum
851 1073 999 1111 fretum
1020 1072 1255 1122 distinguit;
1278 1073 1392 1111 cuius
1411 1073 1593 1111 homines

195 1140 422 1176 etiamnunc
457 1138 692 1176 custodiunt
725 1150 875 1175 morem
913 1143 1130 1186 vetustum,
1168 1150 1373 1174 nummum
1401 1136 1590 1185 refutant,

194 1202 292 1240 dant
321 1215 387 1240 res
418 1207 458 1240 et
486 1201 700 1251 accipiunt,
730 1201 1020 1239 mutationibus
1050 1200 1279 1239 necessaria
1306 1201 1443 1250 potius
1474 1214 1592 1249 quam

193 1266 340 1315 preciis
368 1271 524 1316 parant.
561 1265 671 1303 Deos
691 1265 913 1316 percolunt.
953 1265 1175 1303 Scientiam
1194 1264 1423 1303 futurorum
1443 1265 1593 1314 pariter

194 1330 271 1367 viri
307 1343 353 1368 ac
388 1329 535 1375 femine
578 1334 791 1368 ostentant.
847 1331 1026 1367 Attanus
1069 1330 1202 1367 insula
1245 1330 1448 1378 aspiratur
1489 1328 1591 1366 freto

195 1394 366 1443 Gallico,
403 1407 426 1432 a
458 1393 687 1432 Brittannia
725 1394 957 1432 continente
992 1394 1191 1431 aestuario
1235 1393 1347 1431 tenui
1389 1398 1590 1443 separata:

193 1457 291 1496 felix
325 1458 603 1496 frumentariis
640 1457 790 1508 campis
829 1464 869 1495 et
907 1457 1024 1506 gleba
1060 1456 1192 1505 uberi,
1229 1470 1303 1495 neo
1331 1461 1489 1494 tantum
1518 1456 1593 1494 soli

166 1564 170 1569 ,
195 1535 334 1559 verum
363 1532 402 1559 et
430 1520 520 1558 aliis
549 1521 722 1558 salubris
751 1520 863 1559 locis.
902 1521 1004 1558 Nam
1034 1534 1123 1558 cum
1151 1520 1240 1570 ipsa
1268 1519 1379 1557 nullo
1409 1526 1593 1570 serpatur

195 1599 342 1634 angue,
386 1589 590 1635 asportata
632 1585 725 1623 inde
760 1590 867 1623 terra
905 1598 1064 1633 quoquo
1107 1585 1288 1633 gentium
1330 1584 1490 1622 invecta
1527 1583 1590 1633 sit,

193 1649 338 1698 anguis
366 1654 493 1688 necat.
548 1649 676 1694 Mula>
715 1655 753 1687 et
788 1649 890 1687 aliae
926 1648 1031 1686 circa
1065 1648 1336 1686 Brittanniam
1371 1647 1539 1696 insulae,
1576 1662 1616 1686 e·

195 1714 341 1760 quibus
362 1712 487 1762 Tylae
517 1713 667 1750 ultima.
706 1713 754 1750 In
784 1726 861 1761 qua
890 1713 1044 1751 aestivo
1075 1712 1248 1750 solstitio
1277 1712 1361 1750 sole
1390 1712 1439 1750 de
1461 1711 1594 1749 cancri

195 1777 326 1814 sidere
354 1776 527 1815 faciente
557 1777 772 1814 transitum
791 1790 871 1814 nox
890 1777 1008 1826 nulla,
1040 1777 1210 1815 brumali
1231 1775 1405 1814 solstitio
1426 1775 1592 1826 perinde

197 1840 283 1878 dies
318 1840 464 1879 nullus.
523 1841 638 1878 Ultra
674 1841 789 1879 Tilen
825 1841 1044 1890 accipimus
1085 1842 1246 1890 pigrum
1281 1847 1320 1878 et
1363 1846 1594 1879 concretum

193 1917 312 1942 mare.
372 1903 576 1942 Circuitus
610 1904 859 1942 Brittanniae
898 1904 1139 1953 quadragies
1176 1905 1300 1942 octies
1336 1905 1594 1954 septuaginta

298 2131 316 2166 1
349 2142 379 2167 c.
408 2100 589 2179 Ρὲῗιῗέὶει,
618 2144 743 2180 pecua
766 2130 842 2168 sol.
864 2129 984 2179 (Dic.)
1040 2130 1066 2166 4
1095 2142 1126 2168 c.
1147 2101 1282 2167 uultds
1303 2129 1351 2167 M
1410 2128 1594 2167 oblinunt

193 2202 270 2241 sol.
353 2207 376 2242 5
410 2217 506 2254 apes
536 2204 612 2243 Sol.
654 2205 782 2256 (LP2)
865 2206 890 2242 8
919 2205 1080 2242 nonnisi
1109 2204 1184 2242 Sol.
1224 2204 1338 2254 (LH)
1421 2206 1444 2241 9
1473 2205 1592 2255 idque

193 2266 270 2304 Sol.
302 2267 373 2318 (H)
432 2270 480 2306 10
509 2269 771 2306 aestimarunt
800 2268 876 2306 Sol.
909 2268 1018 2319 (HS)
1077 2270 1123 2305 11
1156 2267 1328 2305 Siluram
1357 2267 1434 2306 Sol.
1492 2281 1592 2317 gens

191 2330 376 2368 Brittana
405 2330 624 2370 Dumnonii
653 2338 793 2371 tenent
821 2332 898 2370 Sol.
930 2331 1141 2382 (britanica
1171 2331 1325 2370 detinet
1343 2331 1400 2382 H)
1459 2332 1507 2369 16
1535 2333 1592 2369 At

193 2429 372 2467 Tanatus
401 2428 477 2468 Sol.
509 2430 580 2480 (H)
705 2431 752 2468 17
782 2430 1035 2470 Brittanniae
1065 2430 1140 2469 Sol.
1251 2444 1283 2469 c.
1313 2406 1498 2481 {epa-rata
1525 2430 1591 2469 M1

194 2493 242 2532 18
270 2492 348 2530 sibi
385 2506 525 2531 verum
560 2493 637 2532 Sol.
680 2494 772 2544 (soli
807 2494 885 2532 sibi
919 2494 1012 2545 HS)
1096 2495 1147 2532 ‘20
1176 2507 1207 2532 c.
1245 2507 1400 2544 anguae
1435 2508 1458 2532 a
1495 2507 1590 2533 eras.

191 2558 238 2594 21
269 2569 422 2606 angues
451 2555 528 2594 Sol.
585 2570 606 2596 e
635 2559 710 2596 adi.
741 2572 758 2596 e
787 2558 864 2596 Sol.
921 2559 972 2597 24
999 2558 1134 2597 nullus
1165 2558 1252 2597 dies
1282 2557 1358 2596 Sol.
1417 2572 1448 2596 c.
1479 2558 1591 2596 tilem

190 2657 321 2694 ultima
350 2657 448 2694 linea
476 2657 619 2694 litterae
649 2669 686 2694 m
715 2669 809 2694 erase.
866 2657 915 2694 <25
944 2670 975 2696 c.
1006 2629 1107 2695 dties
1144 2657 1190 2694 M

1620 954 1663 986 10

1619 1270 1662 1302 15

1617 1911 1661 1944 25
