1916 3254
702 254 958 290 —25-

131 362 285 412 siletur,
316 363 351 401 si
379 363 568 402 insonent
595 363 718 402 tibiae
747 363 1044 402 exultabundus
1064 364 1114 401 ad
1144 369 1304 402 cantum
1333 364 1525 412 elevatur,

130 432 169 465 et
189 427 303 475 quasi
322 427 488 465 miretur
508 428 620 466 vocis
640 427 891 466 dulcedinem
918 427 1025 465 ultra
1052 427 1254 476 margines
1282 427 1524 466 intumescit.

131 490 345 529 Gelonium
380 496 568 541 stagnum
603 496 707 530 tetro
744 493 866 530 odore
901 491 1029 540 abigit
1063 491 1354 541 proximantes3
1393 491 1450 529 ibi
1487 497 1526 529 et

128 553 261 593 fontes
281 555 371 605 duo,
393 556 494 594 alter
513 556 561 594 de
577 569 654 605 quo
676 555 711 593 si
730 556 880 594 sterilis
900 555 1119 606 sumpserit
1144 555 1396 604 fecundatur,
1426 555 1526 593 alter

128 631 246 667 quem
275 619 310 657 si
336 619 510 658 fecunda
537 620 718 658 hauserit
745 620 919 658 vertitur
937 620 979 657 in
999 620 1273 659 sterelitatem.
1303 619 1389 658 Nec
1407 620 1526 668 longe
1576 624 1594 653 5

129 682 222 720 inde
243 683 354 721 collis
374 684 580 722 Vulcanus
607 684 648 720 in
674 696 751 732 quo
778 683 930 732 aliquid
959 683 1094 734 diving»
1122 683 1181 722 rei
1210 689 1398 734 operatur
1416 683 1525 732 ligna

129 747 236 785 vitea
265 761 385 798 super
404 761 494 786 aras
523 753 686 786 struunt
713 760 787 785 nec
806 747 911 796 ignis
940 748 1154 798 apponitur
1182 748 1224 786 in
1251 748 1355 785 hanc
1384 760 1526 796 conge-

128 811 243 862 riem;
275 825 362 850 cum
392 811 586 862 prosicias
615 811 806 859 tulerunt,
837 811 872 849 si
901 811 1017 849 adest
1046 811 1157 860 deus,
1188 812 1221 849 si
1251 825 1407 849 sacrum
1436 824 1525 861 pro-

130 876 245 914 betur
278 880 480 913 sarmenta
514 875 608 912 licet
642 874 789 912 viridia
823 880 966 924 sponte
1003 874 1236 925 concipiunt
1264 880 1304 913 et
1331 875 1438 913 nullo
1467 875 1526 912 in-

129 938 322 988 flagrante
340 952 364 976 a
382 938 495 976 litato
515 938 679 976 numine
698 937 744 975 fit
763 938 1018 989 accendium3
1045 938 1115 976 ubi
1139 939 1365 989 aepulantis
1385 939 1526 976 alludit
1551 939 1595 971 10

127 1002 293 1051 flamma,
323 1015 426 1050 quae
446 1001 637 1040 flexuosis
658 1002 892 1040 excessibus
912 1003 1153 1051 vagabunda
1173 1016 1291 1051 quem
1313 1002 1525 1051 contigerit

125 1078 206 1103 non
247 1066 396 1115 adurit,
447 1079 522 1104 nec
563 1065 674 1104 aliud
723 1071 785 1104 est
827 1080 946 1115 quam
993 1067 1125 1116 imago
1175 1067 1316 1104 nuntia
1356 1066 1525 1117 perfecti

128 1128 204 1167 rite
232 1129 330 1167 voti.

231 1193 342 1232 Idem
379 1207 476 1243 ager
502 1194 797 1244 Agrigentinus
834 1199 990 1233 eructat
1030 1194 1193 1232 limosas
1235 1195 1525 1244 scaturrigines

125 1262 165 1296 et
193 1265 238 1295 ut
265 1271 391 1296 venae
418 1257 591 1296 fontium
619 1257 822 1296 sufficiant
849 1258 949 1297 rivis
985 1250 1359 1308 subministrandis,
1399 1259 1455 1296 ita
1484 1260 1525 1296 in
1551 1258 1593 1290 15

126 1321 201 1359 hac
230 1321 389 1360 Siciliae
417 1327 531 1372 parte
559 1323 643 1360 solo
673 1335 889 1372 numquam
924 1322 1135 1361 deficiente
1171 1328 1333 1362 aeterna
1359 1324 1524 1361 reiecta-

126 1385 236 1424 tione
263 1391 411 1424 terram
439 1391 547 1425 terra
574 1387 710 1425 vomit.

230 1451 415 1489 Achaten
442 1451 617 1501 lapidem
647 1450 783 1489 Sicilia
816 1452 989 1501 primum
1019 1451 1130 1490 dedit
1166 1452 1207 1489 in
1234 1452 1415 1489 Achatae
1451 1451 1523 1489 flu-

129 1513 249 1552 minis
276 1515 376 1565 ripis
395 1520 599 1565 repertum
627 1529 707 1553 non
726 1516 857 1560 vilem,
889 1529 976 1554 cum
996 1516 1052 1554 ibi
1071 1522 1228 1553 tantum
1255 1516 1524 1566 invenireturg

128 1578 279 1628 quippe
319 1578 651 1617 interscribentes
694 1593 784 1618 eum
827 1593 954 1618 venae
995 1579 1246 1618 naturalibus
1289 1579 1347 1617 sic
1384 1586 1525 1618 notant
1548 1580 1594 1614 20

125 1642 278 1691 formis,
309 1648 354 1680 ut
374 1656 463 1681 cum
483 1644 658 1693 optimus
681 1650 754 1692 est,
784 1645 917 1682 varias
937 1644 1138 1695 praeferat
1157 1658 1291 1683 rerum
1315 1644 1523 1694 imagines.

126 1706 244 1744 Unde
273 1707 416 1744 anulus
435 1707 555 1756 Pyrri
574 1707 683 1756 regis
703 1708 771 1756 qui
799 1708 996 1746 adversus
1025 1709 1228 1747 Romanos
1257 1709 1364 1746 bella
1383 1709 1522 1758 gessit,

126 1783 206 1808 non
234 1770 422 1819 ignobilis
450 1770 553 1809 fame
577 1771 587 1797 1
615 1772 704 1822 fuit,
735 1771 850 1810 cuius
879 1785 1036 1820 gemma
1064 1772 1228 1810 achates
1258 1778 1355 1821 erat,
1385 1773 1425 1810 in
1446 1785 1523 1821 quo

126 1847 270 1873 novem
289 1835 429 1873 Musae
450 1848 540 1874 cum
567 1835 796 1885 insignibus
825 1837 910 1874 suis
939 1836 1121 1885 singulae
1150 1843 1190 1875 et
1209 1837 1352 1887 Apollo
1382 1842 1523 1875 tenens

126 1899 319 1937 citharam
339 1899 590 1949 videbantur,
620 1913 700 1938 non
720 1899 917 1950 inpressis
938 1900 1092 1950 figuris,
1114 1901 1184 1939 sed
1205 1900 1397 1950 ingenitis
1417 1914 1523 1939 nunc
1548 1902 1591 1935 25

233 2048 252 2082 1
283 2045 319 2083 si
347 2047 423 2083 adi.
454 2059 504 2084 ex
532 2045 609 2084 Sol.
693 2052 835 2084 cantus
864 2045 940 2085 Sol.
972 2047 1043 2097 (H)
1125 2048 1151 2083 4
1179 2046 1352 2085 fecunda
1379 2046 1424 2084 fit
1445 2046 1521 2084 Sol.

127 2109 235 2160 (HS)
318 2110 341 2147 6
370 2109 591 2148 Vulcanius
613 2109 688 2149 Sol.
770 2110 838 2159 qui
868 2111 981 2161 (quid
1000 2110 1095 2161 HS)
1118 2110 1198 2149 div.
1220 2111 1278 2148 rei
1307 2116 1523 2161 operantur

127 2174 198 2224 (H)
229 2173 306 2213 Sol.
411 2187 443 2213 c.
474 2179 674 2224 operatur.
705 2175 815 2224 ligna
914 2175 936 2212 7
967 2188 998 2213 c.
1029 2175 1261 2225 apponitur;
1292 2175 1333 2212 in
1362 2175 1399 2212 h.
1431 2188 1522 2213 con-

125 2238 276 2286 geriem
305 2251 394 2276 cum
476 2239 502 2276 8
529 2239 752 2277 intulerunt
779 2239 858 2279 Sol.
930 2240 1124 2289 probatur
1153 2238 1230 2277 Sol.
1261 2240 1274 2290 ζ
1279 2238 1326 2286 S)
1409 2240 1459 2278 10
1488 2252 1520 2279 c,

127 2302 274 2346 allitato
316 2303 478 2341 numine
522 2305 566 2341 ab
608 2305 686 2342 ead.
726 2318 837 2342 manu
881 2317 974 2342 saec.
1021 2304 1118 2343 XV]
1171 2304 1299 2342 halitu
1342 2304 1390 2342 ab
1434 2305 1522 2355 ipso

126 2366 286 2404 numine
330 2365 406 2405 Sol.
449 2368 525 2416 (H)
632 2369 687 2406 ibi
729 2368 807 2407 Sol.
853 2369 926 2420 (H)
1036 2369 1246 2419 epulantes
1289 2368 1365 2407 Sol.
1411 2369 1520 2420 (HS)

129 2431 176 2467 15
206 2429 414 2468 sufficiunt
441 2430 518 2470 Sol.
549 2431 658 2483 (HS)
743 2433 790 2470 17
820 2433 969 2471 evomit
997 2432 1071 2473 Sol.
1110 2433 1182 2483 (H)
1268 2433 1316 2471 23
1348 2446 1379 2472 c,
1410 2434 1521 2482 igno-

126 2494 229 2533 biles
258 2495 305 2533 M

224 2653 233 2678 l
259 2653 282 2685 i.
308 2664 335 2686 e.
365 2654 490 2687 famae.
