1916 3254
760 272 1011 308 „13-

181 395 327 420 oceano
365 382 519 420 minora
554 387 659 420 sunt.
715 382 796 420 Iste
835 386 896 419 est
925 386 963 419 et
998 380 1335 428 mediterraneus,
1380 380 1473 428 quia
1507 394 1579 429 per

180 445 352 484 mediam
393 452 541 483 terram
583 458 725 484 versus
767 445 962 483 orientem
1002 444 1260 494 perfunditur
1297 444 1502 493 Europam
1539 448 1577 480 et

179 508 360 547 Africam
388 509 606 558 Asiamque
635 508 931 546 disterminans.
977 507 1100 546 Cuius
1129 507 1279 557 primae
1307 507 1434 557 partis
1465 506 1578 544 sinus

181 573 310 622 quiin
328 573 549 622 Hispanias
576 571 843 623 perfunditur,
872 571 1088 609 Hibericus
1117 576 1157 609 et
1183 570 1417 608 Balearicus
1445 569 1578 618 appel-

178 637 295 674 latur.
333 635 491 674 Deinde
520 635 711 683 Gallicus,
742 635 810 683 qui
838 635 1142 672 Narbonensem
1171 633 1419 684 provinciam
1451 633 1575 670 alluit.
1626 640 1645 671 5

180 700 275 738 Mox
317 699 552 748 Ligusticus
595 699 663 746 qui
697 698 809 735 iuxta
846 698 1030 735 Genuam
1071 698 1211 735 urbem
1255 702 1317 735 est
1356 697 1575 747 proximus.

179 764 280 802 Post
298 763 396 801 haec
415 763 622 812 Tyrrenus
643 762 712 810 qui
730 762 890 798 Italiam
909 761 1085 811 attingit,
1107 774 1224 810 quem
1245 760 1390 799 Graeci
1404 760 1574 807 Ionium,

179 827 270 865 Itali
297 826 478 864 Inferum
507 830 662 862 vocant.
718 825 817 862 Inde
846 824 1017 873 Siculus,
1057 825 1126 872 qui
1155 838 1176 861 a
1206 824 1341 862 Sicilia
1369 837 1496 872 usque
1525 823 1575 860 ad

180 890 340 928 Cretam
359 889 482 926 vadit.
520 887 679 926 Deinde
700 887 895 936 Creticus,
918 887 986 935 qui
1005 888 1046 924 in
1066 887 1333 936 Pamphiliam
1354 893 1393 924 et
1412 888 1575 936 Aegyp-

179 962 263 990 tum
298 952 515 1002 pertendit.
569 951 672 988 Inde
700 945 1050 1001 Hellesponticus,
1094 951 1163 998 qui
1190 950 1232 987 in
1260 951 1575 1000 septentrionem
1600 957 1645 989 11)

178 1021 415 1064 retorquens
450 1014 699 1052 anfractibus
734 1015 891 1063 magnis
925 1015 1037 1052 iuxta
1067 1013 1228 1052 Gretias
1264 1019 1303 1051 et
1330 1013 1575 1062 Hylliricum

176 1079 217 1116 in
244 1079 454 1127 angustias
482 1084 638 1128 septem
665 1078 887 1116 stadiorum
916 1078 1147 1127 stringitur;
1179 1091 1257 1125 quo
1279 1077 1427 1115 Xerses
1454 1081 1574 1126 ponte

175 1143 346 1180 navibus
375 1142 481 1180 facto
510 1142 551 1179 in
571 1142 750 1180 Gretiam
779 1142 1028 1180 commeavit.
1066 1142 1169 1179 Inde
1199 1140 1373 1190 diffusus
1402 1153 1574 1188 aequore

175 1207 332 1256 patenti
361 1219 501 1244 rursus
531 1206 746 1255 stringitur
774 1211 813 1244 et
842 1205 940 1244 facit
968 1205 1277 1256 Propontidem,
1318 1205 1385 1253 qui
1414 1218 1505 1241 mox
1534 1205 1574 1240 in

175 1270 418 1318 quingentos
447 1282 594 1319 passus
624 1274 846 1318 coartatur,
890 1269 1015 1318 fitque
1043 1268 1241 1307 Bosforus
1271 1268 1450 1316 Tratius,
1496 1280 1573 1315 quo
1600 1276 1642 1308 15

175 1333 326 1371 Darius
355 1334 491 1382 copias
521 1334 825 1383 transportavit.
882 1333 980 1371 Inde
1007 1333 1202 1371 Ponticus
1232 1333 1345 1370 sinus
1375 1330 1574 1381 amplissi-

178 1410 265 1434 mus
304 1410 326 1433 a
358 1403 472 1445 tergo
502 1397 692 1434 Meotidis
725 1397 895 1447 paludis.
951 1396 1067 1443 Quod
1102 1409 1211 1434 mare
1241 1410 1289 1434 ex
1316 1395 1574 1433 multitudine

176 1459 386 1497 fluminum
405 1459 562 1498 dulcius
584 1473 702 1508 quam
722 1466 865 1508 cetera,
887 1460 1205 1508 nebulosumque
1226 1466 1264 1496 et
1284 1458 1447 1497 brevius
1467 1459 1573 1497 unde

178 1529 218 1562 et
245 1524 416 1562 Pontum
443 1530 648 1573 vocatum,
688 1524 794 1572 quod
832 1524 885 1561 sit
920 1524 1090 1563 brevior.
1149 1523 1262 1561 Sicut
1297 1528 1429 1561 autem
1467 1529 1573 1561 terra

175 1588 270 1625 dum
300 1600 379 1625 una
408 1588 462 1625 sit
489 1601 561 1637 pro
599 1587 772 1626 diversis
806 1587 906 1625 locis
942 1587 1064 1625 variis
1100 1587 1326 1637 appellatur
1352 1587 1572 1636 vocabulis,
1597 1595 1643 1628 20

173 1651 230 1688 ita
250 1656 290 1689 et
309 1664 379 1701 pro
400 1651 632 1700 regionibus
659 1651 736 1689 hoc
764 1664 871 1689 mare
899 1664 1089 1699 magnum
1117 1650 1289 1688 diversis
1317 1656 1574 1701 nuncupatur

173 1714 414 1753 nominibus.
470 1715 574 1752 Nam
601 1715 851 1764 Hybericum
879 1720 919 1752 et
946 1714 1173 1752 Asiaticum
1200 1728 1222 1752 a
1257 1714 1477 1764 provinciis
1515 1714 1572 1752 di-

173 1784 292 1827 ctum,
323 1779 477 1817 scilicet
507 1779 700 1829 Hyberia,
728 1780 733 1805 ¹
765 1792 866 1827 quae
894 1779 949 1816 ita
979 1779 1087 1817 dicta
1115 1784 1177 1816 est
1205 1780 1254 1816 ab
1282 1779 1449 1828 Hybero
1477 1778 1572 1816 His-

172 1843 315 1892 paniae
343 1841 479 1890 fluvio,
510 1843 577 1891 qui
607 1842 808 1891 quondam
836 1843 912 1880 toti
937 1842 1160 1892 Hispaniae
1188 1855 1333 1880 nomen
1363 1842 1485 1880 dedit.
1519 1843 1573 1879 Et

172 1906 270 1944 Asia
288 1906 304 1932 2
341 1919 441 1954 quae
471 1919 520 1944 ex
547 1905 706 1944 nomine
736 1906 944 1944 cuiusdam
973 1906 1151 1944 mulieris
1181 1906 1240 1944 sic
1269 1911 1331 1944 est
1359 1906 1570 1956 appellata,
1596 1910 1640 1943 25

174 1982 275 2017 quae
304 1969 412 2019 apud
440 1970 625 2018 antiquos
656 1969 823 2008 orientis
851 1971 983 2008 tenuit
1011 1970 1232 2021 imperium.

280 2033 369 2070 Ab3
396 2033 559 2072 insulis:
589 2034 854 2073 Balearicum.

278 2097 468 2135 Baleares
487 2098 502 2124 ⁴'
537 2097 692 2136 insulae
720 2097 945 2147 Hispaniae
974 2098 1076 2136 duae
1111 2102 1222 2136 sunt:
1265 2098 1504 2136 Afrosiades
1533 2105 1571 2136 et

175 2159 431 2199 Gimnasiade
468 2161 594 2199 maior
629 2166 668 2200 et
701 2162 842 2211 minor,
882 2161 988 2199 unde
1018 2166 1057 2200 et
1086 2175 1153 2200 eas
1188 2162 1309 2211 vulgo
1338 2162 1572 2200 Maioricam

283 2283 303 2318 1
332 2282 443 2320 istud
471 2288 533 2320 est
561 2287 600 2321 et
627 2283 965 2321 mediterraneum
992 2283 1084 2321 Ise'cl.
1139 2285 1166 2320 4
1194 2297 1226 2322 c.
1261 2284 1484 2322 baleriacus
1512 2285 1571 2322 ari

176 2358 271 2383 corr.
295 2345 359 2383 Ml
415 2348 464 2385 10
492 2347 781 2397 Hellespontus
801 2347 892 2385 Isid.
949 2348 997 2384 12
1025 2347 1185 2385 Xerxes
1214 2348 1304 2386 Ise'cl.
1364 2349 1412 2385 19
1432 2348 1570 2386 Ponti-

176 2421 265 2446 cum
286 2409 376 2446 Isid.
433 2411 480 2447 19
500 2411 663 2448 brevius
683 2411 775 2449 Ise'd.
832 2413 883 2450 24
902 2425 932 2450 c.
953 2412 1078 2449 totius
1098 2425 1145 2450 us
1167 2425 1260 2449 eras.
1309 2413 1358 2449 29
1378 2417 1418 2450 et
1445 2413 1571 2451 maior

175 2472 265 2510 Isia.
325 2473 374 2510 29
404 2473 549 2522 vulgus
577 2474 668 2513 Isid.

272 2607 281 2632 ¹
309 2606 453 2649 Hyberia
470 2626 513 2631 —
532 2607 618 2639 dedit
644 2618 690 2640 ex
717 2608 797 2642 Isid.
817 2609 867 2643 ib.
884 2609 982 2652 Xlll,
999 2610 1056 2652 21,
1081 2610 1135 2643 31.
1184 2610 1200 2635 2
1228 2611 1312 2642 Asia
1331 2630 1372 2634 —
1392 2613 1566 2652 imperium

174 2666 224 2699 ib.
250 2665 346 2708 xlv,
373 2666 406 2708 3,
432 2667 463 2699 1.
515 2665 530 2691 3
555 2666 602 2699 ib.
631 2665 729 2709 xm,
755 2666 812 2709 16,
838 2669 869 2700 5.
920 2666 935 2693 4
960 2668 1008 2701 ib.
1040 2668 1134 2711 XIV,
1161 2668 1193 2710 6,
1219 2668 1275 2702 44.
