1916 3254
757 276 1016 312 -17—

188 385 298 435 apud
326 386 486 434 aliquod
515 386 808 425 mediterranea
834 386 981 434 littora,
1012 385 1116 423 sicut
1135 385 1174 422 in
1193 385 1336 423 Italiae
1354 390 1468 435 parte
1497 385 1585 423 fieri

188 462 379 487 accessus
422 451 484 488 vel
525 464 721 489 recessus.
778 450 855 496 Qui
899 450 1142 488 contrarium
1184 450 1384 498 sentiunt,
1428 462 1585 487 omnem

190 513 303 550 illum
332 513 497 553 fluorem
525 516 637 553 aiunt
658 529 680 552 a
700 514 880 553 Ponticis
907 513 1092 552 faucibus
1122 513 1330 562 inundare,
1359 513 1480 562 idque
1508 513 1584 551 ful-

191 578 304 615 ciunt
332 585 566 627 argumento
601 592 682 617 non
718 579 846 627 inani,
890 579 996 627 quod
1032 583 1168 616 aestus
1197 591 1218 615 e
1246 578 1376 616 Ponto
1404 577 1584 627 profluus

191 655 409 690 numquam
435 643 719 693 reciprocetur.
1632 648 1652 680 5

298 707 479 745 Meotisl
516 707 677 756 quidem
710 706 827 756 palus
865 712 927 744 est
963 706 1156 754 Scithiae‚
1199 707 1240 744 in
1269 706 1382 744 cuius
1411 705 1585 743 medium

193 769 343 807 Tanais
373 783 421 808 ex
448 769 617 820 Ripheis
660 770 774 807 silvis
815 770 982 807 veniens
1025 769 1208 819 profluit,
1251 776 1291 808 et
1318 770 1412 808 hinc
1439 769 1586 807 Meotis

193 833 301 871 dicta
341 834 566 882 estimatur,
610 846 655 871 eo
684 833 790 882 quod
818 833 923 870 inter
951 833 1051 870 duas
1087 833 1226 870 mundi
1261 840 1415 883 partes,
1455 834 1495 871 id
1525 837 1587 871 est

192 898 332 935 Asiam
361 902 400 935 et
427 897 631 946 Europam
656 896 786 934 media
814 897 954 934 iaceat.
1009 897 1122 935 Adeo
1153 897 1257 935 enim
1285 897 1407 935 nimio
1436 897 1586 946 frigore

193 960 453 1008 congelascit,
497 964 542 997 ut
582 960 775 1010 plaustris
816 959 893 998 iter
933 961 1113 1011 prebeat.
1182 960 1300 998 Unde
1343 961 1585 999 Lucanus:·2
1614 965 1656 997 10

191 1022 380 1061 Scithicis
407 1022 566 1072 patiens
595 1023 773 1062 Meotida
800 1023 1005 1074 plaustris.
1045 1024 1222 1062 Tanais3
1251 1029 1384 1061 autem
1404 1025 1472 1072 qui
1501 1037 1587 1062 eam

192 1085 336 1135 influit,
367 1087 515 1125 dicitur
543 1100 566 1124 a
595 1087 768 1136 quodam
795 1101 900 1137 rege,
931 1088 1000 1136 qui
1029 1087 1161 1126 dictus
1191 1092 1253 1126 est
1280 1088 1428 1126 Tanus.

191 1210 254 1264 [9]
288 1211 345 1253 De
375 1211 528 1254 insulis
556 1211 685 1253 maris
710 1212 865 1260 Oceani,
899 1223 972 1254 nec
1003 1224 1084 1254 non
1117 1212 1241 1254 etiam
1271 1213 1400 1254 maris
1432 1212 1583 1266 Magni,

316 1281 387 1323 sed
416 1283 548 1336 primo
579 1283 722 1335 Magni
752 1283 880 1325 maris
911 1294 937 1324 a
968 1282 1145 1324 Meotide
1176 1283 1219 1324 in
1252 1294 1455 1325 oceanum.

297 1372 518 1422 Utriusque
559 1372 683 1422 igitur
724 1373 846 1411 maris
887 1373 1042 1411 ratione
1085 1373 1273 1422 decursa,
1322 1386 1428 1411 nunc
1473 1374 1586 1412 non4
1611 1377 1655 1410 15

190 1435 365 1473 alienum
401 1442 479 1485 est,
520 1443 770 1486 emergentes
806 1443 934 1475 terras
963 1436 1068 1475 inter
1094 1436 1245 1475 fluenta
1272 1437 1587 1488 praesertimque

194 1499 349 1538 nobiles
387 1513 657 1552 commonere,
701 1515 801 1550 quae
837 1501 944 1550 quod
981 1502 1023 1539 in
1057 1501 1140 1539 salo
1176 1501 1268 1550 sint,
1299 1501 1453 1540 insulae
1480 1502 1586 1540 voci-

192 1568 347 1612 tantur3
391 1572 429 1602 et
458 1565 584 1615 primo
614 1569 706 1603 ante
735 1578 816 1614 eas,
846 1579 948 1614 quae
986 1570 1079 1603 sunt
1111 1565 1266 1614 oceani,
1304 1566 1425 1604 maris
1453 1566 1589 1615 magni

192 1628 393 1665 notandae
422 1634 515 1666 sunt
535 1629 740 1678 quaedam,
771 1642 901 1678 neque
920 1641 1078 1667 morosa
1107 1629 1224 1667 debet
1251 1642 1339 1667 esse
1366 1630 1586 1679 percursio.

299 1691 454 1730 Paucae
477 1693 492 1719 5
521 1698 616 1730 sunt
643 1693 685 1730 in
712 1693 909 1742 Meotide,
952 1692 1045 1731 inde
1082 1693 1186 1730 enim
1222 1693 1384 1731 videtur
1419 1707 1588 1732 commo·
1614 1697 1660 1731 20

193 1755 404 1793 dissimum
434 1756 621 1806 incipere,
651 1770 780 1805 neque
810 1770 947 1795 omnes
976 1762 1110 1795 tamen
1138 1757 1379 1796 incoluntur.
1417 1757 1520 1796 Nam
1539 1771 1589 1796 ne

195 1820 340 1870 pabula
371 1820 531 1869 quidem
558 1821 668 1869 large
695 1821 846 1869 ferunt;
876 1821 951 1859 hac
978 1834 1022 1859 re
1051 1821 1327 1859 habitantibus
1357 1834 1447 1859 caro
1469 1820 1589 1859 maio-

195 1897 283 1922 rum
319 1885 487 1934 piscium
515 1884 599 1922 sole
628 1885 777 1923 siccata
805 1891 844 1923 et
871 1885 914 1922 in
940 1885 1130 1935 pollinem
1164 1898 1291 1934 usque
1321 1890 1489 1923 contusa
1519 1898 1589 1937 pro

193 1947 300 1986 farre
330 1952 402 1986 est.

300 2012 456 2050 Paucae
474 2016 488 2039 (ἱ
525 2018 564 2050 et
592 2013 633 2050 in
662 2013 791 2052 Ponto
822 2013 1000 2052 obiectae
1030 2014 1133 2052 ostio
1163 2013 1406 2063 Boristenis,
1442 2027 1591 2064 parvae
1614 2017 1659 2051 25

304 2142 322 2177 i
359 2141 512 2190 aliquot
546 2140 623 2179 Sol.
726 2155 756 2183 o.
792 2143 931 2192 partae
1064 2142 1088 2179 3
1119 2155 1150 2180 c.
1189 2142 1302 2180 aiunt
1318 2116 1512 2192 dponticis
1546 2142 1594 2180 M

195 2239 244 2277 21
267 2251 298 2276 c.
319 2247 402 2288 post
425 2240 654 2278 incoluntur
675 2253 815 2279 versum
838 2242 970 2292 incipit
1026 2242 1076 2278 22
1097 2255 1128 2280 c.
1150 2241 1334 2291 quida-„em
1391 2207 1499 2280 abac
1519 2240 1569 2280 M
1581 2242 1591 2268 ¹

198 2350 230 2375 c.
260 2309 346 2375 garo
377 2338 427 2376 Μ
437 2339 447 2365 l
503 2353 738 2389 magnorum
766 2340 853 2379 Mel.
909 2341 958 2379 25
986 2341 1257 2390 Borysthenis
1284 2341 1374 2380 Mel,
1405 2340 1472 2392 (B)

295 2448 307 2474 1
333 2450 461 2492 partim
489 2461 532 2483 ex
558 2451 643 2486 Isid.
669 2452 766 2491 X111,
783 2453 841 2497 21,
859 2452 916 2488 24.
964 2452 981 2478 2
1005 2453 1130 2488 Phars.
1151 2453 1196 2497 II,
1215 2452 1293 2485 638.
1342 2452 1358 2479 3
1381 2452 1468 2487 Isid.
1494 2451 1592 2494 XIII,

199 2506 256 2549 21,
281 2506 336 2541 24.
385 2506 400 2532 4
427 2517 472 2540 ex
498 2507 599 2541 Mart.
618 2509 679 2553 VI,
705 2510 771 2543 643
798 2514 832 2543 et
856 2511 942 2545 Isid.
967 2511 1064 2554 xiv,
1090 2510 1123 2554 6,
1147 2511 1167 2543 1
1194 2511 1428 2554 compilatum
1455 2512 1592 2544 mutato

198 2566 389 2598 verborum
416 2565 554 2600 ordine.
615 2565 630 2591 5
656 2578 700 2600 ex
726 2568 805 2602 Mel.
831 2568 878 2613 II,
902 2569 957 2603 97.
1008 2569 1022 2595 6
1048 2579 1092 2602 ex
1118 2569 1197 2603 Mel.
1223 2569 1273 2612 ΙΙ,
1300 2567 1344 2602 98
1371 2569 1590 2612 quibusdam

200 2625 349 2657 mutatis
376 2625 496 2657 verbis
523 2625 585 2666 (cf.
604 2625 684 2658 Mel.
701 2625 725 2660 1.
743 2626 766 2660 l.
791 2638 915 2669 paucae
933 2634 960 2660 et
978 2630 1012 2659 in
1031 2627 1137 2661 Ponto
1153 2626 1256 2660 Leuce
1273 2626 1486 2669 Borysthenis
1511 2627 1592 2658 ostio

195 2680 320 2714 obiecta
340 2694 448 2725 parva
473 2682 651 2716 admodum
669 2690 697 2715 et
713 2683 796 2726 quod
820 2683 865 2717 ibi
883 2685 1025 2718 Achilles
1051 2687 1136 2718 situs
1152 2691 1199 2717 est
1216 2684 1363 2718 Achillea
1382 2684 1591 2727 coynomine).

1361 2744 1382 2776 2
