1916 3254
1511 1013 1592 1042 9⁸³8-

207 1063 384 1096 Praefatio
441 1080 1496 1095 ...................
1563 1055 1590 1086 V

206 1120 337 1155 Liber
361 1120 533 1162 primus
558 1138 1498 1151 .................
1569 1112 1593 1146 2

203 1177 298 1220 Quid
324 1177 371 1210 sit
394 1186 545 1210 oceanus
611 1195 1495 1209 ................
1569 1170 1589 1202 3

203 1235 305 1268 Unde
328 1234 461 1268 dicitur
493 1260 499 1266 .
552 1260 558 1267 .
608 1258 618 1267 .
668 1259 674 1265 .
727 1259 732 1264 .
784 1259 792 1266 ,
843 1258 850 1264 .
901 1258 909 1264 .
962 1254 1496 1265 ..........
1571 1228 1591 1260 3

205 1292 255 1325 De
281 1294 357 1325 eius
383 1294 456 1325 situ
483 1301 619 1324 necnon
644 1300 786 1322 accessu
813 1299 1023 1331 recessuque
1050 1288 1211 1320 mirabili
1255 1312 1498 1321 .....
1572 1286 1592 1318 3

204 1352 343 1393 Quibus
370 1360 468 1382 mare
493 1359 665 1383 oceanum
692 1349 842 1381 sortitur
869 1348 1077 1381 nominibus
1144 1373 1152 1380 .
1201 1373 1209 1380 .
1259 1372 1266 1377 .
1319 1373 1325 1379 .
1374 1373 1382 1379 .
1433 1371 1441 1379 .
1492 1371 1499 1377 .
1572 1346 1593 1377 4

206 1409 307 1451 Quod
334 1419 432 1440 mare
456 1418 627 1441 oceanum
654 1406 815 1449 undique
842 1417 941 1439 secus
969 1407 1163 1448 navigatur
1201 1429 1497 1437 ......
1571 1403 1592 1435 8

207 1467 257 1499 De
282 1467 460 1498 succincta
482 1470 597 1498 terrae
621 1464 802 1497 divisione
828 1474 908 1496 cum
936 1473 1044 1496 causa
1069 1462 1323 1495 mediterranei
1351 1463 1461 1494 maris
1491 1489 1498 1496 .
1549 1462 1594 1494 10

206 1525 294 1556 Item
320 1535 427 1557 causa
458 1523 712 1556 mediterranei
740 1523 850 1554 maris
876 1533 956 1554 eum
984 1522 1092 1553 variis
1125 1521 1334 1554 nominibus
1359 1530 1498 1553 eorum<

251 1594 321 1626 que
347 1582 583 1626 ethimologia
614 1608 623 1616 .
672 1607 679 1613 .
733 1606 1147 1614 ........
1200 1606 1206 1611 .
1258 1606 1266 1614 .
1315 1604 1321 1610 .
1373 1605 1378 1610 .
1434 1604 1442 1611 .
1493 1604 1499 1610 .
1551 1578 1590 1610 11

205 1640 559 1684 Aethimologiarum
585 1639 692 1672 latius
720 1639 884 1680 repetitio
907 1663 1499 1671 ...........
1550 1637 1593 1669 12

205 1699 255 1731 De
279 1699 409 1730 insulis
438 1699 547 1730 maris
573 1698 695 1730 oceani
714 1706 777 1729 nec
797 1707 867 1729 non
886 1697 994 1728 etiam
1015 1697 1124 1729 maris
1153 1696 1274 1739 magui
1302 1695 1361 1727 sed
1383 1696 1499 1738 primo

252 1758 374 1800 magni
402 1757 511 1788 maris
537 1766 558 1788 a
584 1754 736 1788 Meotide
762 1755 799 1787 in
826 1764 996 1787 oceanum
1023 1781 1031 1788 .
1082 1780 1088 1786 .
1141 1780 1147 1786 .
1200 1780 1206 1786 .
1258 1781 1264 1786 .
1316 1779 1324 1785 .
1377 1780 1384 1787 .
1434 1780 1441 1787 .
1492 1779 1499 1786 .
1550 1753 1591 1784 17

208 1815 259 1847 De
285 1814 453 1847 Sardinia
501 1841 509 1847 .
561 1842 567 1846 .
617 1840 625 1848 .
678 1838 919 1846 .....
973 1838 978 1843 .
1031 1838 1383 1846 .......
1436 1838 1443 1845 .
1493 1839 1501 1845 .
1550 1813 1593 1845 ’ὶῖ

207 1872 257 1905 De
283 1872 428 1905 Corsica
499 1894 1498 1906 ..................
1547 1870 1593 1903 29

207 1931 258 1964 De
283 1930 515 1964 Stoeeadibus
558 1956 564 1963 .
616 1956 623 1962 .
673 1956 680 1963 .
733 1957 738 1962 .
791 1955 796 1961 .
849 1953 1382 1963 ..........
1435 1954 1443 1961 .
1493 1953 1500 1960 .
1551 1928 1596 1961 29

207 1989 257 2021 De
292 1989 424 2021 insulis
462 1989 583 2021 oceani
622 1988 733 2020 maris
766 1997 787 2019 a
822 1991 920 2030 parte
946 1986 1069 2019 Indiae
1106 1996 1219 2029 usque
1254 1986 1298 2018 ad
1326 1985 1503 2019 Gaditana

253 2047 394 2090 refugia
444 2071 684 2079 .....
737 2072 745 2079 .
797 2072 804 2078 .
855 2071 861 2077 .
912 2070 919 2077 .
972 2071 1500 2079 ..........
1553 2047 1597 2079 30

206 2104 258 2136 De
282 2104 411 2136 insulis
437 2102 652 2137 Germaniae
677 2128 685 2135 .
736 2129 745 2137 .
795 2130 803 2136 .
854 2095 877 2135 .’
912 2128 1438 2136 ..........
1492 2130 1499 2137 .
1551 2103 1596 2137 34

206 2162 340 2195 Liber
365 2161 586 2195 secundus
619 2187 916 2196 ......
970 2187 976 2194 .
1026 2188 1033 2194 .
1087 2187 1093 2194 .
1145 2187 1151 2193 .
1203 2188 1210 2195 .
1261 2189 1267 2195 .
1321 2188 1327 2194 .
1380 2188 1386 2194 .
1436 2186 1443 2193 .
1494 2190 1501 2197 ,
1551 2162 1596 2194 40

206 2220 333 2253 Totius
357 2221 454 2254 orbis
482 2222 659 2253 succincta
684 2221 853 2255 narratio.
881 2220 915 2252 P.
944 2219 987 2253 M.
1034 2245 1040 2251 .
1090 2245 1097 2251 .
1148 2247 1153 2252 ,
1207 2246 1213 2251 .
1264 2247 1270 2251 .
1322 2246 1328 2252 .
1379 2248 1384 2252 .
1437 2246 1445 2252 .
1497 2246 1504 2252 .
1553 2220 1597 2253 40

207 2278 387 2321 Repetitio
412 2279 570 2321 partium
598 2288 618 2310 a
645 2279 821 2322 principio
865 2305 868 2308 .
921 2303 1445 2312 ..........
1498 2304 1504 2310 .
1553 2280 1598 2311 44

209 2335 261 2367 De
287 2334 430 2378 Europa
458 2336 597 2379 [Africa
622 2344 655 2369 et
680 2336 784 2380 Asia}
860 2363 865 2367 .
916 2363 922 2368 .
974 2364 981 2370 .
1034 2365 1040 2371 .
1092 2364 1098 2369 .
1151 2364 1157 2370 .
1209 2362 1215 2367 .
1268 2362 1504 2370 .....
1554 2338 1597 2370 45

211 2393 349 2426 Dehinc
373 2393 476 2426 India
512 2419 519 2425 .
570 2420 576 2426 .
628 2421 635 2427 .
977 2421 1272 2429 ......
1556 2395 1599 2428 78

209 2450 322 2483 Index
350 2452 538 2484 nominum
565 2477 1503 2487 ..........
1554 2454 1597 2487 85
