1916 3254
299 702 317 731 5

273 1015 318 1047 10

274 1338 317 1370 15

917 328 1177 365 —46-

453 436 606 474 Galliae
626 436 717 474 finis
740 438 745 462 ¹
768 436 956 474 Pirineus
976 437 1117 487 primo,
1147 438 1240 476 hinc
1262 438 1528 476 Brittanicum
1547 440 1748 489 procurrit

352 513 555 538 oceanum.

451 564 551 602 Tum
580 564 621 601 in
650 568 779 602 terras
807 563 941 602 fronte
971 578 1188 603 conversus
1218 565 1457 615 Hispaniam
1486 566 1679 616 inrumpit
1709 572 1748 604 et

345 628 495 665 minore
515 632 629 678 parte
650 627 735 665 eius
755 627 806 665 ad
827 628 1034 666 dexteram
1063 629 1225 666 exclusa
1253 629 1378 666 trahit
1406 634 1602 678 perpetua
1621 630 1748 667 latera

345 691 560 729 continuus
581 691 708 729 donec
728 705 798 741 per
817 705 973 730 omnem
992 692 1240 741 provinciam
1260 692 1381 741 longa
1401 692 1527 731 limite
1557 693 1747 731 inmissus

344 755 383 792 in
413 769 458 793 ea
487 755 623 804 litora,
664 769 765 804 quae
801 755 999 794 occidenti
1034 761 1129 794 sunt
1162 756 1334 794 adversa
1369 757 1595 805 perveniat.
1651 757 1748 807 Ipsa

342 818 542 868 Hispania
570 819 649 856 nisi
672 833 750 868 qua
771 819 923 858 Gallias
954 824 1096 869 tangat
1125 821 1264 870 pelago
1297 820 1475 868 undique
1504 820 1679 858 incincta
1709 826 1748 858 et

343 882 411 919 ubi
431 882 512 920 illis
533 883 710 932 adheret,
740 883 910 922 maxime
940 888 1126 932 angusta,
1156 884 1348 934 paulatim
1369 897 1412 922 se
1432 884 1472 921 in
1493 884 1687 922 Nostrum
1707 890 1747 922 et

345 946 547 984 Oceanum
584 961 692 985 mare
728 948 909 985 extendit
943 948 1150 997 magisque
1179 953 1218 985 et
1253 948 1381 996 magis
1417 947 1536 985 latior
1564 947 1614 985 ad
1645 947 1747 985 occi-

344 1010 505 1048 dentem
533 1011 616 1048 abit
645 1024 690 1048 ac
718 1010 764 1048 fit
792 1012 847 1049 ibi
875 1012 1084 1061 latissima,
1119 1011 1218 1050 viris
1247 1012 1418 1061 aequis,·2
1447 1012 1553 1050 ferro
1582 1012 1746 1062 plumbo

344 1088 434 1113 aere
468 1080 634 1123 argento
669 1089 847 1124 auroque
883 1076 1003 1113 etiam
1038 1076 1277 1114 habundans
1315 1080 1355 1114 et
1391 1076 1489 1113 adeo
1526 1075 1673 1113 fertilis
1703 1081 1748 1113 ut

345 1137 473 1176 sicubi
502 1139 551 1177 ob
581 1140 814 1189 poenuriam
844 1153 1038 1188 aquarum
1074 1139 1218 1177 effecta
1247 1153 1293 1177 ac
1328 1140 1391 1177 sui
1427 1140 1637 1177 dissimilis
1673 1144 1744 1189 est,

342 1203 469 1240 linum
497 1207 630 1241 tamen
660 1208 729 1240 aut
757 1208 935 1254 spartum
965 1204 1056 1241 alat.
1114 1203 1262 1241 Tribus
1293 1210 1426 1241 autem
1455 1209 1516 1241 est
1555 1203 1747 1241 distincta

345 1266 592 1316 nominibus,
623 1280 797 1316 parsque
827 1268 914 1305 eius
944 1266 1270 1315 Terraconensis,
1307 1280 1400 1316 pars
1430 1267 1613 1315 Boetica,
1653 1280 1746 1317 pars

344 1331 555 1369 Lusitania
583 1335 761 1368 vocatur.
801 1330 1116 1368 Terraconensis
1136 1331 1261 1368 altero
1283 1330 1412 1380 capite
1434 1330 1598 1379 Gallias,
1619 1330 1745 1368 altero

346 1395 545 1433 Boeticam
576 1394 829 1432 Lusitaniam
865 1394 1104 1443 contingens
1142 1394 1242 1432 mari
1280 1394 1408 1432 latera
1445 1393 1567 1432 obicit
1594 1393 1746 1431 Nostro

343 1472 420 1507 qua
462 1458 690 1508 meridiem,
738 1472 816 1507 qua
864 1458 1193 1508 septemtrionem
1236 1462 1392 1508 spectat
1438 1471 1596 1496 oceano.
1652 1458 1746 1496 Illas

343 1522 490 1560 fluvius
519 1523 632 1560 Anas
667 1526 829 1572 separat
866 1527 906 1560 et
949 1522 1038 1560 ideo
1074 1523 1243 1560 Boetica
1285 1522 1411 1560 maria
1451 1527 1620 1571 utraque
1655 1535 1746 1572 pro-

344 1587 480 1637 spicit,
525 1588 574 1625 ad
614 1588 861 1625 occidentem
899 1586 1177 1636 Adlanticum,
1221 1587 1268 1624 ad
1301 1587 1509 1625 meridiem
1536 1586 1744 1626 Nostrum.

302 1688 308 1691 ,
342 1652 554 1689 Lusitania
599 1665 745 1690 oceano
787 1651 1064 1689 tantummodo
1109 1650 1266 1689 obiecta
1304 1656 1382 1700 est,
1428 1651 1498 1689 sed
1536 1651 1660 1689 latere
1696 1651 1745 1688 ad

342 1716 661 1766 septemtriones,
697 1715 830 1754 fronte
859 1716 909 1753 ad
941 1729 1137 1754 occasum.
1194 1715 1478 1754 Mm·cia1ms:³³
1521 1715 1632 1761 Quae
1663 1716 1746 1763 qui-

343 1781 433 1819 dem
476 1780 582 1829 quod
624 1780 782 1830 Hyberi
823 1780 1002 1818 fluminis
1050 1779 1289 1818 interrivata
1331 1784 1466 1818 tractu
1513 1780 1641 1817 amnis
1684 1780 1747 1817 sui

342 1845 488 1883 meruit
530 1849 849 1894 cognomentum.
924 1844 1049 1882 Cuius
1092 1843 1305 1894 Hispaniae
1353 1845 1420 1882 illa
1465 1843 1597 1894 portio
1645 1856 1748 1892 quae

341 1908 556 1947 Adlantico
593 1908 761 1947 confinis
798 1922 944 1947 oceano
987 1907 1026 1945 in
1064 1908 1254 1946 Gaditani
1289 1908 1383 1946 freti
1418 1908 1514 1946 litus
1556 1908 1746 1955 excurrit,

299 1979 312 1985 ⁹
342 1973 509 2011 Boetica
543 1973 778 2022 perhibetur
814 1974 932 2011 etiam
974 1974 1063 2023 ipsa
1098 1973 1339 2010 vocabulum
1382 1971 1534 2022 proprii
1568 1971 1746 2009 fluminis

341 2037 680 2087 nuncupationem
710 2038 869 2086 sortita,
908 2051 1010 2086 quae
1039 2038 1088 2075 ab
1117 2037 1311 2075 Urcitano
1342 2036 1440 2085 fine,
1479 2050 1557 2084 qua
1585 2036 1748 2074 citerior

341 2106 465 2151 meat,
515 2101 828 2139 Terraconensis
878 2101 1023 2139 dicitur
1067 2115 1088 2139 a
1131 2101 1419 2138 Terraconensi
1464 2100 1583 2148 urbe,
1627 2113 1746 2147 quam

450 2258 468 2292 1
499 2253 593 2291 hinc
622 2253 662 2290 in
692 2252 778 2291 Mel.
810 2252 927 2304 (BR)
999 2252 1278 2290 Britannicum
1308 2252 1395 2289 Mel.
1427 2251 1494 2301 (L)
1563 2252 1588 2287 4
1617 2264 1649 2288 c.
1681 2263 1747 2288 ex-

343 2318 464 2355 clusa.
486 2317 611 2354 trahit
666 2319 689 2354 5
719 2330 750 2354 c.
781 2317 926 2365 longus
948 2330 970 2354 a
991 2330 1087 2355 corr.
1109 2316 1157 2355 M
1209 2316 1231 2353 7
1261 2317 1391 2365 tangit
1411 2315 1498 2353 ΜΛ.
1558 2316 1605 2352 12
1626 2314 1748 2353 effeta

342 2382 429 2420 Mel.
454 2381 522 2433 (R)
595 2382 644 2418 14
673 2380 989 2419 Tarraconensis
1019 2380 1106 2418 Mel.
1143 2380 1392 2432 (BCDKL)
1462 2379 1628 2417 Baetica
1657 2378 1746 2417 Mel.

343 2447 417 2497 (K)
477 2447 525 2483 16
555 2445 885 2494 Lusitaniamque
915 2445 1003 2483 Mel.
1061 2445 1112 2484 20
1141 2459 1172 2483 c.
1194 2458 1216 2482 a
1236 2446 1547 2495 septentriones,
1578 2455 1675 2482 corr.
1696 2443 1746 2480 ad

341 2512 390 2547 23
420 2510 643 2560 Hispaniae
678 2512 772 2547 deest
805 2509 925 2547 Mart.
983 2510 1032 2545 QG
1062 2509 1363 2560 nuncupatione
1401 2508 1521 2546 Mart.

440 2680 449 2706 ¹
485 2680 565 2715 Mel.
606 2680 658 2720 ΙΙἹ
696 2679 742 2713 84
780 2683 815 2712 et
853 2679 1025 2713 Cervaria
1064 2680 1162 2712 locus
1202 2678 1343 2712 Galliae
1382 2679 1473 2712 finis.
1537 2678 1746 2721 Pyrenaeus

342 2740 460 2782 primo
487 2745 556 2772 cett.
626 2738 641 2764 ’ἒ
668 2739 690 2771 i.
717 2749 745 2772 c.
772 2739 876 2781 equis
937 2738 952 2762 ³
976 2737 1050 2770 cod.
1079 2738 1130 2779 Μ;
1159 2737 1218 2779 VI,
1245 2736 1417 2771 627—29.
