1916 3254
757 279 1016 316 *ῖῦ-

187 389 296 426 rimis
337 388 584 438 patefactum
624 393 704 439 est,
747 401 836 425 cum
877 388 956 424 iam
997 386 1120 434 aliqui
1161 386 1316 424 inventi
1359 390 1470 435 sunt,
1516 387 1583 435 qui

185 451 345 490 nonnisi
364 452 513 502 primas
533 452 671 490 domos
691 455 1036 500 recognoscerent,
1067 450 1180 488 obliti
1209 450 1528 488 mansuetudinis
1549 451 1584 488 si

187 516 344 564 quando
374 520 598 554 mutassent
633 520 823 554 consueta
865 515 1042 555 servitia.
1098 513 1290 552 Inimicos
1324 515 1451 564 part-is
1487 527 1583 552 suae

185 584 334 617 norunt
362 580 472 629 adeo,
509 585 554 618 ut
582 581 622 618 in
651 580 802 629 praelia
830 581 968 618 hostes
997 592 1132 617 morsu
1167 583 1317 628 petant.
1375 577 1455 615 Sed
1484 577 1584 615 illud

186 644 314 682 maius
336 648 408 692 est,
440 645 546 692 quod
566 644 790 682 rectoribus
810 644 980 694 perditis
1008 656 1107 692 quos
1136 642 1372 691 diligebant,
1404 655 1583 680 accesse-

187 712 281 744 runt
314 707 419 745 fame
456 713 635 746 mortem.
693 708 843 745 Verum
882 708 923 745 hi
959 720 1090 746 mores
1120 707 1159 744 in
1189 719 1336 755 genere
1364 719 1583 754 aequorum

185 773 532 821 praestantissimo
562 772 833 810 inveniuntur.
873 772 975 809 Nam
1004 771 1071 819 qui
1100 770 1205 808 infra
1234 771 1453 808 novitatem
1484 770 1583 807 satis

186 842 297 881 sunt,
327 836 438 873 nulla
466 836 704 873 documenta
733 849 805 873 sua
833 836 1121 885 pi·aebuerunt;
1162 835 1233 872 sed
1268 848 1318 872 ne
1347 834 1441 882 quid
1473 834 1583 872 vide-

185 913 298 937 amur
327 900 486 937 dicendi
513 899 715 936 licentiam
752 903 891 936 contra
927 899 1046 936 fidem
1082 911 1313 947 arrogasse,
1359 899 1582 948 exemplum

184 964 374 1012 frequens
402 963 597 1003 dabimus.
631 962 852 1001 Alexandri
873 963 880 988 1
901 962 1039 1010 Magni
1059 976 1185 1011 equus
1205 962 1421 999 Bucefalus
1451 962 1583 999 dictus

184 1028 269 1065 sive
307 1023 356 1064 de
390 1031 579 1076 aspectus
615 1025 807 1063 torvitate
846 1039 918 1063 seu
952 1027 1000 1063 ab
1040 1025 1191 1074 insigni
1230 1025 1339 1074 quod
1380 1027 1583 1063 taurinum

185 1094 305 1140 caput
333 1103 442 1127 armo
471 1089 651 1128 inustum
678 1089 864 1139 habebat,
902 1103 973 1127 seu
1002 1089 1108 1138 quod
1139 1102 1159 1127 e
1187 1089 1320 1127 fronte
1350 1089 1436 1127 eius
1464 1102 1582 1138 quae-

184 1154 275 1191 dam
304 1154 598 1192 corniculorum
624 1155 729 1192 mine
757 1154 1084 1204 protuberabant,
1115 1167 1204 1191 cum
1225 1154 1273 1191 ab
1294 1153 1482 1201 aequario
1509 1167 1581 1191 suo

185 1217 284 1255 alias
314 1217 433 1255 etiam
461 1217 636 1255 molliter
664 1217 883 1266 sederetur,
915 1222 1078 1267 accepto
1099 1217 1210 1266 regio
1232 1222 1362 1255 stratu
1383 1217 1581 1255 neminem

181 1295 370 1330 umquam
399 1286 558 1331 praeter
587 1281 791 1319 dominum
820 1282 965 1319 vehere
1001 1282 1190 1330 dignatus
1227 1286 1299 1319 est.
1343 1281 1582 1319 documenta

183 1347 267 1384 eius
297 1346 338 1382 in
366 1346 527 1396 praeliis
555 1347 672 1395 plura
701 1351 806 1395 sunt,
837 1346 983 1394 quibus
1003 1346 1279 1384 Alexandrum
1305 1359 1325 1384 e
1355 1345 1581 1384 durissimis

184 1410 468 1448 certaminibus
498 1411 691 1460 sospitem
721 1424 796 1460 ope
826 1424 898 1448 sua
928 1411 1082 1448 extulit.
1121 1410 1208 1456 Quo
1228 1411 1370 1448 merito
1393 1410 1582 1448 effectum

182 1480 227 1512 ut
267 1475 456 1513 defuncto
498 1476 539 1513 in
581 1475 699 1513 India
740 1476 930 1524 exequias
973 1489 1044 1513 rex
1089 1475 1253 1513 duceret
1297 1480 1336 1513 et
1382 1476 1580 1525 supremis

183 1539 440 1589 sepulchrum
469 1539 594 1589 daret,
624 1540 764 1577 urbem
793 1539 913 1577 etiam
948 1539 1155 1588 conderet,
1193 1552 1309 1587 quam
1337 1538 1379 1576 in
1407 1538 1580 1577 nominis

181 1603 411 1641 memoriam
439 1602 644 1641 Bucefalis
672 1604 908 1641 nominavit.
946 1603 1086 1651 Equus
1108 1602 1183 1640 Gai
1213 1602 1399 1640 Caesaris
1427 1603 1579 1640 nullum

180 1672 340 1717 praeter
370 1667 581 1705 Caesarem
616 1668 736 1705 dorso
771 1667 944 1717 recepit,
988 1667 1102 1704 cuius
1140 1667 1293 1717 priores
1322 1667 1447 1716 pedes
1477 1666 1579 1704 facie

179 1731 343 1780 vestigii
371 1732 543 1777 humano
572 1732 738 1769 tradunt
764 1731 903 1780 fuisse,
935 1732 1040 1769 sicut
1058 1737 1151 1783 ante
1171 1731 1342 1769 Veneris
1362 1731 1578 1779 genetricis

180 1796 317 1833 aedem
346 1796 421 1834 hac
449 1795 583 1844 effigie
621 1797 775 1834 locatus
814 1800 886 1834 est.
941 1795 1095 1844 Regem
1125 1794 1353 1833 Scitharum
1383 1795 1578 1843 singulari

180 1860 394 1898 certamine
423 1860 709 1909 interemptum
729 1873 818 1897 cum
838 1859 1096 1897 adversarius
1116 1859 1246 1897 victor
1265 1858 1438 1909 spoliare
1458 1858 1578 1896 vellet

178 1924 227 1961 ab
248 1937 373 1972 aequo
403 1923 489 1961 eius
519 1924 695 1961 calcibus
724 1937 940 1972 morsuque
969 1928 1031 1961 est
1059 1923 1270 1961 laceratus.
1308 1923 1576 1971 Agrigentina

178 1988 296 2025 etiam
326 1988 436 2036 regio
464 1987 656 2036 frequens
686 1992 748 2025 est
776 2001 994 2036 aequorum
1023 1987 1261 2037 sepulchris,
1293 1987 1401 2035 quod
1431 2000 1576 2025 munus

177 2051 452 2102 supremitatis
495 2051 649 2090 meritis
693 2052 830 2089 datum
873 2051 1082 2090 credimus.
1139 2051 1400 2101 Voluptatem
1442 2052 1575 2089 inesse

285 2175 302 2210 1
334 2173 487 2222 aliquot
515 2173 590 2212 Sol.
615 2174 686 2225 (H)
744 2175 766 2210 2
795 2174 947 2223 primos
977 2173 1158 2212 dominos
1187 2173 1262 2211 Sol.
1286 2173 1357 2225 (H)
1414 2174 1440 2210 4
1471 2173 1576 2210 inter

177 2238 327 2288 proelia
356 2238 432 2276 Sol.
464 2238 535 2289 (H)
618 2240 641 2276 5
671 2244 883 2276 arcessunt
912 2237 989 2276 Sol.
1021 2238 1082 2289 (S)
1166 2238 1188 2275 7
1217 2238 1468 2276 nobilitatem
1500 2238 1573 2289 (H)

177 2303 254 2341 Sati
276 2303 424 2353 (LGP)
441 2303 518 2341 Sol.
576 2305 624 2342 10
643 2303 900 2353 Bucephalus
917 2303 993 2341 Sol.
1012 2303 1061 2340 (L
1074 2303 1249 2353 GSAP)
1305 2303 1351 2339 12
1373 2303 1421 2340 de
1441 2302 1573 2339 fronte

177 2366 254 2404 Sol.
285 2367 357 2418 (Η)
414 2368 462 2405 16
492 2367 603 2405 simis
632 2368 673 2405 in
701 2369 836 2406 lacuna
905 2369 956 2405 20
988 2367 1256 2417 Bucephalam
1285 2366 1362 2404 Sol.
1393 2367 1464 2416 (H)
1529 2365 1570 2404 C.

178 2430 363 2469 Caesaris
383 2430 458 2469 Sol.
516 2432 565 2468 22
586 2431 749 2469 humani
778 2431 854 2470 Sol.
911 2432 960 2469 ‘23
983 2432 1072 2480 Reg
1106 2431 1244 2480 Scyth.
1275 2444 1365 2468 cum
1390 2429 1467 2468 Sol.
1499 2430 1571 2481 (H)

176 2498 225 2534 25
254 2501 316 2533 est
344 2495 570 2534 lancinatus
599 2494 676 2533 Sol.
708 2497 780 2547 (H)
836 2497 885 2533 ‘27
916 2509 948 2534 c.
978 2496 1244 2546 uoluptatum,
1274 2507 1371 2536 corr.
1393 2507 1455 2532 em
1509 2493 1573 2531 his

174 2559 307 2598 inesse
336 2559 413 2597 Sol.
445 2559 516 2609 (H)

270 2682 281 2708 1
308 2683 355 2716 ib.
383 2682 490 2725 XLV,
516 2682 640 2715 8—113.

1609 968 1652 1000 10

1607 1289 1649 1321 15

1604 1607 1649 1641 20

1601 1928 1644 1961 25
