1916 3254
758 255 1009 289 ,55-

180 377 252 401 sex
285 363 446 400 milibus
481 376 673 412 passuum
716 375 905 400 cacumen
947 361 1167 400 extendens
1202 360 1348 399 vicinia
1384 360 1577 411 perflatur

180 432 392 465 astrorum.
450 426 573 465 Cuius
603 426 698 464 item
727 432 842 474 terga
871 425 1030 470 diverso
1059 430 1201 474 gentes
1230 429 1379 463 tenent.
1418 425 1576 462 Dehinc

182 492 353 529 Pontum
381 491 537 529 Sitonia
578 504 677 540 gens
720 490 894 539 habitat,
938 503 1038 538 quae
1073 490 1241 538 gloriam
1269 489 1451 539 Horphei
1486 502 1576 538 pro-

181 555 308 604 geniti
343 554 446 593 vatis
481 554 729 605 perfectione
763 554 906 592 sortita
944 558 1016 591 est.
1072 553 1174 590 Nam
1210 553 1251 590 in
1294 552 1452 602 Spartio
1487 566 1576 602 pro-

180 619 406 657 muncturio
436 619 502 657 ille
531 619 656 656 vitam
685 623 753 655 aut
790 617 916 656 sacris
954 617 1137 667 inpendit
1166 622 1235 654 aut
1263 615 1423 654 fidibus.
1481 617 1576 653 Mox

182 683 292 731 regio
323 684 512 720 Maronea
541 696 587 720 ac
616 682 752 731 Tyrda
781 681 989 732 oppidum,
1029 682 1070 718 in
1100 694 1177 729 quo
1208 681 1299 729 equi
1327 680 1577 718 Diomediaci

183 747 374 784 stabulati
404 751 508 784 sunt.
567 745 751 784 Oirceum
784 745 964 794 Abdera,
1002 744 1065 782 cui
1104 750 1333 782 constructe
1368 744 1576 781 Diomedis

183 824 298 848 soror
341 823 456 848 suum
498 823 642 848 nomen
683 809 916 858 adscripsit;
968 808 1073 856 quod
1124 808 1314 858 oppidum
1356 808 1577 846 Democriti

181 874 339 924 physici
375 879 464 910 ortu
498 873 632 922 potius
669 872 910 909 decoratum.
965 871 1149 908 Eandem
1178 872 1362 909 Traciam
1397 871 1577 909 Polidori

183 938 392 988 sepulchro
422 937 619 985 signatam
638 948 711 973 nec
738 940 880 984 poetae
908 940 1182 984 praetereunt3
1213 935 1293 972 illic
1321 942 1576 985 promunctu-

181 1002 283 1039 rium
311 1000 611 1047 Cerascriseon‚
649 1013 671 1036 a
698 999 888 1036 Bizancio
918 998 1108 1048 oppidum
1145 999 1431 1046 caelebratum,
1471 1001 1576 1048 quod

180 1079 203 1102 a
239 1065 407 1102 Duratio
445 1063 713 1114 septingentis
750 1063 936 1100 undecim
971 1062 1132 1100 milibus
1175 1063 1312 1103 distat.
1368 1063 1428 1100 Eo
1471 1064 1577 1101 enim

181 1129 400 1166 interstitio
430 1141 452 1165 a
481 1141 523 1165 se
551 1134 721 1175 utraque
750 1126 873 1164 maria
903 1131 1170 1176 recesserunt,
1199 1126 1240 1163 id
1270 1132 1331 1164 est
1359 1126 1508 1164 Adrias
1538 1136 1576 1165 et

178 1192 407 1242 Propontis3
438 1191 520 1229 illic
548 1191 808 1240 Ellespontus
838 1191 1047 1239 angustior
1075 1204 1146 1240 per
1176 1190 1307 1228 stadia-
1343 1196 1498 1240 septem
1527 1193 1576 1229 ab

179 1256 343 1306 Europa
371 1255 511 1293 Asiam
540 1254 697 1292 dividit.
754 1254 832 1292 Hic
868 1267 1026 1302 quoque
1055 1254 1133 1299 duc
1170 1255 1372 1303 civitates,
1410 1268 1576 1303 quarum

179 1333 276 1367 una,
313 1320 354 1357 id
389 1324 450 1358 est
487 1319 633 1357 Sextus
668 1319 855 1368 Europae
893 1324 971 1367 est,
1015 1318 1200 1357 Abhidos
1228 1319 1363 1357 Asiae.
1420 1319 1576 1357 Dehinc

179 1384 479 1434 promuncturia
514 1384 732 1421 contraria:
778 1383 1008 1430 Ceronessi,
1045 1383 1084 1420 in
1114 1396 1191 1431 quo
1229 1383 1467 1420 terminatur
1495 1383 1576 1420 Eu-

180 1461 301 1498 ropae
343 1448 455 1486 sinus
497 1449 662 1492 tertius„
699 1455 738 1485 et
773 1448 896 1485 Asiae
925 1448 1124 1496 Aegeum‚
1161 1447 1202 1483 in
1238 1460 1315 1495 quo
1354 1446 1576 1485 Cimasema

179 1512 328 1550 dicitur
365 1512 493 1560 locus⁷
531 1511 748 1549 Haecubae
785 1510 996 1560 sepulchro
1032 1511 1263 1549 tumulatus.
1319 1511 1368 1549 In
1404 1510 1574 1549 confinio

178 1576 310 1613 insula
329 1576 527 1624 Tenedos,
557 1589 580 1612 a
609 1588 687 1623 qua
715 1588 841 1623 usque
870 1575 911 1612 in
941 1574 1085 1612 Chium
1114 1573 1300 1613 diffusior
1320 1575 1432 1612 sinus
1452 1575 1574 1613 inter-

180 1641 295 1688 iacet,
336 1639 448 1677 cuius
492 1639 694 1677 dexterior
735 1639 984 1676 Antandrus.
1040 1638 1253 1687 Exiguitas
1296 1639 1487 1687 denique,
1530 1645 1575 1676 ut

177 1704 331 1741 dictum
351 1709 424 1753 est,
448 1704 670 1741 insularum
689 1704 977 1752 navigantibus
999 1717 1140 1753 caprae
1161 1703 1424 1741 similitudine
1445 1704 1573 1742 divul-

286 1949 305 1984 1
337 1945 531 1982 extollens
561 1944 678 1984 Mart.
814 1947 836 1983 3
867 1944 1049 1982 Sithonia
1080 1944 1199 1983 Mart.
1229 1945 1295 1995 (B)
1423 1945 1572 1996 Orphei

174 2008 294 2047 Mart.
401 2012 425 2047 4
453 2009 494 2045 in
524 2008 715 2059 Sperchio
745 2022 869 2059 prom.
901 2008 1020 2047 Mart.
1051 2009 1120 2058 (R)
1217 2009 1240 2046 6
1270 2009 1423 2059 Tyrida
1451 2009 1570 2048 [Πανί.

175 2072 288 2122 (BR)
346 2076 366 2111 Τ
398 2073 503 2110 circa
532 2086 622 2111 eum
650 2072 771 2111 Mart.
833 2074 858 2110 8
887 2074 1097 2124 asscripsit
1124 2073 1243 2112 Mare.
1307 2078 1329 2113 9
1359 2074 1571 2112 Thraciam

176 2136 293 2174 Mart.
331 2136 445 2188 (BR)
568 2136 761 2187 Polydori
790 2137 909 2175 Mart.
949 2137 1017 2188 (B)
1140 2139 1189 2175 10
1217 2138 1419 2188 signatum
1448 2139 1571 2177 Mart.

175 2202 220 2238 11
253 2200 376 2238 Ceras
406 2200 616 2251 Chryseon
646 2200 765 2239 Mart.
913 2201 1111 2251 Byzantio
1143 2202 1262 2241 Mart.
1295 2203 1486 2253 (bizantio
1516 2203 1568 2251 R)

173 2264 318 2315 oppido
349 2264 468 2303 Mart.
543 2267 591 2302 1⁶2
621 2278 652 2303 c.
682 2265 904 2315 adduratio,
936 2279 1034 2304 corr.
1065 2280 1088 2304 a
1116 2266 1307 2315 Duratio;
1338 2280 1360 2304 a
1389 2267 1568 2316 Dyrrha-

172 2328 262 2366 chio
292 2328 410 2367 Mart.
441 2328 637 2380 (dyrratio
671 2330 760 2379 BR)
818 2330 867 2367 13
896 2330 1023 2368 Adria
1052 2329 1170 2369 Mart.
1203 2330 1273 2381 (D)
1334 2332 1382 2368 14
1410 2331 1568 2370 Helles-

172 2397 319 2442 pontus
355 2392 468 2443 (BR)
596 2406 626 2432 c.
657 2399 829 2444 septem;
868 2394 917 2432 ab
1044 2395 1092 2431 16
1123 2394 1262 2433 Sestos
1292 2395 1410 2433 Mart.
1450 2395 1501 2447 (B
1514 2396 1566 2445 R)

171 2456 340 2506 Abydos
369 2456 488 2495 Mart.
642 2458 788 2496 deinde
816 2472 943 2508 prom.
972 2458 1092 2497 Mart.
1249 2460 1296 2496 17
1326 2459 1567 2499 Cherronesi

171 2520 292 2558 Mart.
324 2520 564 2571 (cerronessi
592 2521 687 2572 BR)
758 2523 806 2561 18
837 2522 999 2572 Sigeum
1030 2523 1242 2574 (Koppt’us)
1272 2523 1390 2562 Mart.
1424 2526 1567 2573 (aegeu

170 2584 266 2635 BR)
382 2584 630 2634 Cynossema
658 2585 776 2624 Mart.
809 2586 920 2636 (BR)
1049 2588 1096 2625 19
1125 2588 1316 2626 Hecubae
1346 2588 1464 2626 Mart.
1496 2589 1562 2637 (B)

167 2650 219 2686 22
248 2648 447 2698 exiguitas
485 2649 706 2687 insularum
740 2649 911 2699 denique
948 2664 1039 2692 nav.
1081 2651 1200 2700 Mar-t.

1602 937 1646 968 10

1602 1255 1643 1287 15

1599 1575 1644 1608 20
