1916 3254
905 267 1149 304 ‚X-

327 394 424 433 pore
451 381 529 418 iam
559 384 702 419 exstet.
757 380 892 428 Atque
926 378 983 417 ita
1019 379 1255 429 opusculum
1284 391 1307 415 a
1333 377 1515 416 Romano
1551 378 1724 427 quodam

328 444 593 496 compositum
621 457 711 482 esse
739 443 879 482 credas
899 456 977 492 qua
1006 443 1145 481 eadem
1173 442 1328 480 ratione
1347 441 1571 480 Einhartus
1598 442 1723 480 vitam

328 509 472 548 Karoli
517 508 657 558 Magni
704 507 957 558 conscripsit.
980 508 990 534 ‘¹
1054 507 1198 556 Itaque
1246 519 1485 555 quamquam
1531 519 1723 555 negemus

328 578 488 624 oportet
515 572 696 610 libellum
722 571 858 621 magni
877 584 967 610 esse
995 571 1184 610 momenti
1205 570 1255 608 ad
1281 569 1565 620 proferendam
1592 575 1723 608 terrae

327 637 530 686 notitiam,
573 640 750 674 attamen
791 648 862 686 pro
904 640 1084 686 tempore
1125 634 1286 673 minime
1330 633 1615 684 despiciendus
1650 639 1722 684 est,

327 703 421 751 quia
455 705 552 739 tunc
586 700 665 738 viri
702 699 812 738 docti
839 699 881 737 in
918 699 1064 738 litteris
1103 697 1326 737 tractandis
1355 698 1517 737 omnino
1546 711 1596 736 ex
1623 697 1724 736 anti-

327 766 418 815 quis
447 764 711 815 scriptoribus
739 763 986 815 pendebant,
1023 777 1142 812 quam
1171 777 1255 802 rem
1282 767 1422 801 nostra
1449 767 1581 801 aetate
1608 775 1724 800 nemo

328 831 406 867 iam
434 842 554 878 aegre
580 828 671 866 fert.

433 892 572 931 Sermo
599 892 750 931 latinus
779 906 856 941 quo
885 893 949 930 usi
977 898 1072 931 sunt
1100 893 1317 943 scriptores
1338 905 1360 929 a
1379 896 1518 929 nostro
1548 889 1725 940 expilati,

327 957 532 996 difficilior
558 956 637 995 fuit
665 980 715 985 —
744 957 1031 995 adscribuntur
1068 956 1173 995 enim
1209 969 1345 994 omnes
1380 961 1426 993 ut
1461 955 1631 993 dicimus
1661 954 1726 993 vel

326 1026 540 1072 argenteae
581 1022 646 1060 vel
687 1020 847 1060 infimae
888 1021 1079 1059 latinitati
1108 1044 1157 1049 -
1186 1033 1305 1069 quam
1340 1025 1385 1058 ut
1413 1026 1552 1058 auctor
1591 1019 1725 1057 omnia

328 1100 430 1135 quae
457 1086 499 1123 in
519 1087 578 1125 eis
606 1091 822 1124 narrantur
850 1086 1115 1136 intellegeret,
1146 1099 1268 1134 quare
1290 1098 1462 1135 magnus
1489 1084 1726 1123 mendorum

326 1163 517 1189 numerus
544 1151 586 1188 in
615 1151 807 1201 opusculo
836 1151 1038 1189 invenitur
1066 1155 1111 1188 ut
1138 1150 1261 1189 verba
1290 1150 1331 1187 in
1361 1150 1460 1187 duas
1489 1154 1625 1200 partes
1646 1147 1726 1186 dis-

327 1219 457 1253 tracta
485 1215 550 1253 vel
579 1215 658 1253 duo
687 1215 811 1253 verba
838 1214 880 1252 in
907 1228 1031 1252 unum
1061 1214 1246 1253 coeuntia
1274 1220 1393 1263 atque
1422 1214 1464 1250 id
1487 1226 1617 1262 genus
1636 1212 1725 1250 alia.

329 1279 416 1326 Qua
436 1280 484 1318 de
505 1293 626 1318 causa
645 1279 715 1317 diu
735 1279 988 1317 consideravi
1008 1284 1143 1316 utrum
1171 1283 1307 1316 textus
1337 1277 1599 1326 corrigendus
1619 1282 1729 1314 esset

325 1357 398 1394 pro
427 1344 671 1382 editionibus
706 1348 915 1381 auctorum
951 1343 1254 1393 compilatorum
1282 1347 1421 1379 nostra
1449 1346 1580 1379 aetate
1607 1339 1728 1377 factis

327 1420 378 1445 an
412 1407 592 1446 libellum
626 1407 786 1446 ederem
814 1407 934 1445 talem
963 1407 1122 1455 qualem
1151 1406 1276 1444 codex
1313 1406 1532 1443 exhiberet.
1581 1404 1663 1442 Sed
1691 1403 1727 1441 si

327 1476 482 1510 textum
509 1472 585 1509 hoc
613 1472 730 1510 modo
756 1471 1030 1520 correxissem,
1062 1470 1170 1508 illius
1206 1470 1398 1520 temporis
1432 1468 1578 1507 modus
1607 1473 1727 1516 atque

326 1535 428 1574 ratio
456 1536 682 1574 litterarum
710 1535 1010 1573 tractandarum
1031 1549 1080 1573 ex
1108 1534 1300 1585 opusculo
1329 1547 1410 1572 non
1439 1545 1728 1582 cognosceren-

326 1605 403 1649 tur,
434 1613 512 1648 quo
544 1612 639 1638 usus
668 1605 902 1649 argumento
931 1604 1086 1638 textum
1114 1599 1263 1638 codicis
1285 1612 1375 1637 cum
1404 1598 1589 1636 omnibus
1616 1595 1728 1634 vitiis

326 1669 483 1702 tantum
511 1677 613 1712 quae
640 1664 803 1702 librario
833 1664 1030 1702 debentur
1058 1663 1236 1714 exceptis
1264 1663 1448 1713 praebeo.
1466 1663 1484 1690 ²

431 1729 577 1768 Restat
617 1734 663 1766 ut
710 1741 949 1778 quaeramus
997 1728 1144 1777 quibus
1191 1734 1400 1766 auctorum
1445 1727 1561 1766 libris
1607 1739 1727 1764 manu

328 1793 491 1844 scriptis
529 1798 666 1832 noster
703 1806 802 1831 usus
837 1793 902 1831 sit.
960 1793 1160 1831 Libellum
1195 1806 1299 1831 nono
1335 1792 1496 1831 saeculo
1533 1791 1729 1842 scriptum

328 1872 417 1897 esse
456 1863 615 1896 constat
643 1871 765 1907 quare
800 1858 898 1897 satis
928 1858 1116 1907 antiquos
1145 1857 1300 1897 codices
1338 1863 1478 1895 auctor
1507 1856 1728 1908 inspexerit

328 1927 498 1973 oportet.
554 1922 660 1960 Dein
689 1922 782 1971 quia
810 1922 877 1960 ille
914 1922 1049 1960 fontes
1084 1935 1180 1961 suos
1221 1935 1302 1959 non
1343 1927 1425 1959 tam
1466 1935 1538 1972 per
1572 1933 1728 1971 pannos

327 1999 456 2036 neque
492 2000 563 2037 per
597 1986 816 2036 particulas
847 2000 966 2036 quam
1002 2000 1073 2037 per
1102 1987 1201 2025 satis
1231 1986 1361 2037 ampla
1389 1993 1510 2035 atque
1539 1986 1727 2024 continua

328 2052 460 2102 capita
495 2051 728 2102 descripsit,
772 2061 958 2089 accurate
994 2051 1207 2089 diiudicari
1241 2055 1392 2101 potest,
1436 2055 1571 2088 utrum
1614 2048 1729 2087 libris

328 2129 427 2154 usus
457 2116 511 2154 sit
538 2115 588 2153 ad
617 2120 797 2154 nostram
825 2121 997 2154 aetatem
1026 2115 1199 2154 servatis
1227 2128 1277 2153 an
1306 2115 1385 2153 illis
1413 2113 1650 2165 propinquis
1679 2126 1729 2150 an

327 2193 495 2230 prorsus
523 2179 846 2219 abhorrentibus.
890 2179 978 2226 Qua
1007 2179 1055 2218 de
1085 2193 1206 2218 causa
1235 2192 1336 2230 opus
1365 2184 1451 2218 erat
1480 2178 1730 2217 accuratiore

428 2339 436 2364 ¹
463 2340 505 2372 cf.
533 2349 623 2382 quae
651 2340 717 2372 hac
742 2339 786 2373 de
812 2350 849 2372 re
883 2339 1040 2373 disserui
1081 2340 1196 2373 Neues
1222 2339 1360 2372 Archiv
1395 2339 1459 2371 der
1491 2337 1730 2371 Gesellschast

331 2399 388 2431 fiir
414 2398 524 2431 altere
550 2398 722 2431 deutsche
748 2397 1084 2432 Geschichtskunde
1112 2398 1191 2434 Vll.
1219 2399 1287 2432 550
1315 2408 1368 2441 sq.
1394 2398 1474 2431 568.

421 2456 438 2482 2
464 2456 563 2499 Quae
596 2456 880 2490 diiudicavimus
914 2457 1010 2490 hunc
1036 2458 1073 2489 iu
1107 2456 1273 2490 modum:
1314 2457 1401 2489 vitia
1428 2466 1520 2500 quae
1547 2460 1670 2489 noster
1696 2462 1729 2488 et

330 2516 415 2548 libri
449 2521 635 2549 auctorum
675 2526 785 2548 manu
819 2517 939 2559 scripti
968 2527 1040 2548 una
1067 2515 1243 2549 exhibent
1269 2526 1339 2549 non
1367 2515 1605 2559 sustulimus,
1639 2525 1731 2559 quae

331 2580 471 2617 praeter
503 2574 666 2607 codicum
701 2575 870 2608 lectiones
905 2575 1074 2608 mendose
1108 2576 1243 2618 scripta
1280 2580 1364 2607 suut
1405 2574 1621 2618 plerumque
1658 2583 1732 2606 cor-

331 2632 493 2665 reximus
521 2632 591 2665 nisi
619 2642 832 2676 persuasum
868 2633 972 2667 nobis
1007 2636 1101 2674 erat,
1135 2639 1317 2666 auctorem
1346 2642 1410 2665 sua
1436 2640 1563 2676 sponte
1590 2642 1608 2664 a
1637 2631 1731 2665 libro

333 2690 493 2733 vxpilato
519 2689 738 2725 discessisse.
