1916 3254
277 1404 319 1437 15

277 1727 323 1760 2¹⁴)

867 257 1184 303 ,—vs-

349 370 542 408 mercium
584 368 671 406 sine
713 366 912 415 colloquio
955 368 1132 415 gaudent
1178 367 1334 417 impleri
1383 367 1578 406 adtractu.
1643 368 1751 406 Hinc

350 437 561 482 Atagenus
591 433 717 481 sinus,
747 431 995 482 Yperboreis
1023 432 1214 470 beatitate
1244 431 1478 480 consimilis,
1516 445 1594 481 quo
1622 432 1751 470 incole

351 497 623 546 gratulantur,
664 496 732 544 qui
769 496 1015 533 circumactu
1049 496 1213 533 vallium
1250 509 1368 533 auras
1402 497 1589 533 nesciunt
1625 496 1750 546 pesti-

346 563 488 600 lentes.

830 689 890 743 [4]
927 689 1084 731 Dehinc
1105 689 1114 715 ¹
1145 689 1277 732 India.

452 817 556 855 Nam
593 816 777 866 Cyconas
812 816 854 853 in
888 816 1019 855 medio
1059 829 1170 854 error
1211 816 1430 865 adstruxit,
1468 816 1540 854 sed
1568 829 1591 853 a
1618 815 1751 854 Medis

348 882 552 919 montibus
587 881 751 918 inchoat
785 881 920 929 India;
964 894 1057 918 nam
1091 880 1132 917 in
1161 881 1291 918 Eoum
1328 893 1437 918 mare
1472 894 1495 918 a
1529 880 1750 918 meridiano

347 952 550 996 porrecta,
592 945 767 984 salubris
804 944 975 982 Favonii
1012 945 1125 994 viget
1158 945 1361 983 habilibus
1397 944 1536 982 flabris
1574 944 1752 982 secunda

348 1016 500 1048 aestate
529 1010 645 1047 annis
675 1010 846 1058 singulis
875 1014 1100 1058 vegetatur,
1130 1009 1272 1058 bisque
1301 1009 1460 1059 frugem
1488 1009 1623 1047 mittit.
1670 1009 1750 1046 Pro

346 1073 476 1111 hieme
505 1073 700 1112 etthesias
727 1073 880 1124 perfert
890 1087 897 1121 ;
929 1074 1106 1122 quinque
1135 1074 1244 1111 milia
1272 1073 1414 1111 habuit
1442 1073 1682 1124 oppidorum
1711 1080 1750 1111 et

347 1138 496 1176 mundo
526 1138 649 1176 tertia
676 1151 770 1187 pars
801 1137 1052 1175 credebatur.
1109 1137 1232 1175 Liber
1260 1138 1414 1187 primus
1444 1139 1654 1187 ingressus
1682 1138 1749 1175 In-

347 1202 454 1240 diam
482 1201 758 1252 triumphavit.
793 1201 844 1238 In
865 1215 910 1239 ea
938 1202 1100 1239 maximi
1130 1201 1345 1239 fluviorum
1365 1202 1494 1239 Indus
1514 1212 1554 1240 et
1574 1202 1748 1251 Ganges.

348 1267 429 1305 Sed
457 1267 505 1304 ab
528 1266 731 1315 Scithycis
760 1266 964 1303 montibus
986 1266 1150 1315 Ganges
1178 1266 1290 1303 venit
1311 1271 1351 1304 et
1369 1265 1527 1316 Ypanis
1546 1265 1602 1304 ibi
1622 1267 1750 1305 amnis

344 1331 587 1379 inmodicus,
627 1331 696 1379 qui
724 1330 946 1368 Alexandri
975 1331 1114 1378 Magni
1143 1331 1220 1369 iter
1247 1330 1413 1368 inclusit
1442 1331 1548 1368 sicut
1585 1330 1626 1368 in
1663 1331 1749 1368 eius

346 1396 435 1446 ripa
474 1396 604 1446 locato,
645 1400 848 1433 testantur
877 1408 982 1432 arae.
1039 1394 1231 1433 Latitudo
1263 1395 1418 1444 Gangis
1455 1395 1525 1433 ubi
1563 1393 1750 1432 diffusior

348 1459 493 1509 viginti
521 1459 632 1497 milia
659 1472 864 1509 passuum,
903 1459 972 1497 ubi
1001 1460 1212 1508 angustior
1241 1464 1329 1497 octo
1364 1459 1484 1508 milia,
1522 1458 1750 1509 profundus

346 1524 520 1574 pedibus
550 1529 721 1562 centum.
764 1523 828 1561 Ibi
856 1537 975 1573 reges
1004 1524 1264 1573 gentiumque
1294 1523 1510 1562 diversitas
1540 1528 1622 1561 tam
1643 1537 1753 1566 exer-

348 1589 496 1628 citibus
526 1602 645 1637 quam
680 1588 907 1638 elephantis
945 1589 1120 1639 copiosa.
1176 1588 1294 1626 Ultra
1329 1588 1578 1626 Palibotram
1613 1588 1753 1626 urbem

347 1667 462 1691 mons
491 1653 667 1703 Maleus,
710 1653 751 1690 in
786 1666 863 1701 quo
898 1652 1030 1690 hieme
1064 1652 1107 1689 in
1144 1653 1444 1702 septentriones
1485 1653 1669 1700 umbrae,
1711 1650 1754 1689 in

347 1723 507 1756 austros
543 1723 698 1755 aestate
733 1717 883 1754 cadunt
921 1717 1030 1755 senis
1073 1716 1304 1754 alternitate
1346 1716 1565 1754 mensibus.
1621 1715 1671 1752 In
1707 1728 1752 1753 eo

346 1782 432 1821 loco
461 1795 534 1832 per
563 1794 711 1819 annum
740 1780 969 1829 quindecim
999 1781 1142 1819 diebus
1171 1785 1330 1818 tantum
1359 1779 1657 1830 septentriones
1685 1793 1754 1829 ap-

347 1852 501 1897 parent.
557 1845 709 1884 Picmei
738 1845 844 1884 enim
875 1847 915 1884 in
943 1845 1148 1884 montibus
1176 1845 1370 1894 habitant,
1409 1851 1449 1882 et
1477 1844 1546 1894 qui
1575 1843 1754 1882 confines

347 1920 433 1949 sunt
463 1924 610 1949 oceano
640 1911 727 1949 sine
755 1909 920 1959 regibus
950 1911 1115 1959 degunt.
1157 1910 1363 1948 Pandeam
1391 1916 1555 1959 gentem
1582 1908 1755 1947 feminae

456 2072 475 2107 1
505 2069 697 2107 mercium
726 2068 846 2107 Mart.
954 2068 1121 2118 implere
1150 2072 1402 2106 contractum
1429 2067 1551 2106 Mart.
1659 2067 1753 2105 hinc

348 2149 369 2172 a
401 2137 436 2173 ln
468 2136 604 2173 lacuna
686 2135 709 2170 ⁴2
744 2135 975 2182 Attagenus
1004 2132 1128 2170 Mart.
1223 2130 1503 2182 Hyperboreis
1532 2131 1653 2169 Mart.
1684 2131 1752 2180 (B)

348 2202 371 2237 6
401 2199 573 2238 Ciconas
603 2197 724 2236 illari.
841 2197 990 2235 Mediis
1020 2196 1140 2235 Mart.
1250 2197 1275 2234 8
1304 2195 1600 2245 vegetabilibus
1630 2194 1751 2233 Mart.

347 2263 650 2313 (vigetavilibus
679 2262 752 2313 ΒΓ)
836 2275 868 2299 0.
899 2260 1077 2299 secundo
1173 2263 1196 2297 S.)
1226 2273 1257 2298 c.
1294 2258 1539 2312 vege[tatur]
1637 2259 1753 2297 metit

348 2329 468 2368 Mart.
506 2328 563 2378 (b)
623 2329 672 2366 10
700 2327 848 2365 etesias
869 2325 989 2364 Mart.
1065 2326 1111 2362 11
1143 2323 1582 2374 1nundiMa1·e.(B1R)
1656 2335 1751 2373 pars

347 2393 467 2431 tertia
486 2392 607 2430 illast.
666 2393 713 2429 13
742 2391 932 2440 Hypanis
962 2389 1082 2430 Mart,
1114 2389 1165 2438 (B
1176 2388 1230 2440 R)
1307 2390 1342 2426 in
1376 2390 1544 2439 maryine
1571 2389 1751 2438 scriptum

347 2470 493 2496 naman
523 2456 630 2495 sirus
688 2455 735 2493 17
757 2468 788 2493 0.
821 2453 1072 2502 exertitibus,
1103 2465 1201 2491 corr.
1233 2465 1254 2490 0
1308 2453 1360 2489 20
1379 2452 1602 2490 alternatae
1630 2451 1751 2490 stlat-t.

348 2523 398 2559 22
418 2522 497 2559 iam
525 2520 720 2570 Pygmaei
752 2519 802 2568 (B
814 2518 867 2569 R)
898 2518 1101 2556 montibus
1131 2516 1253 2556 Mart.
1309 2517 1360 2554 23
1381 2522 1477 2555 sunt
1503 2517 1602 2555 deest
1631 2515 1751 2554 Mart.

446 2683 454 2708 ι
482 2681 527 2714 ib.
556 2680 617 2723 VI,
643 2678 814 2713 694-95.
