1916 3254
247 963 290 995 10

247 1282 290 1314 15

900 278 1134 314 -8—

317 386 496 424 Gallicus
531 400 555 424 a
590 386 739 435 Gallia,
766 387 774 412 ¹
817 399 920 434 quae
954 386 1014 424 sic
1054 387 1279 436 appellatur
1307 401 1330 425 a
1358 389 1531 428 candore
1566 391 1719 441 populi.

317 451 417 489 Gala
446 450 552 488 enim
579 462 698 498 grece
725 449 787 487 lac
817 449 976 490 dicitur.
1030 450 1192 488 Montes
1221 450 1384 499 quidem
1412 457 1452 490 et
1478 453 1589 502 rigor
1618 455 1717 492 caeli

316 515 364 551 ab
395 526 441 551 ca
467 517 581 564 parte
609 512 708 551 solis
737 513 920 551 ardorem
949 513 1179 563 excludunt,
1209 527 1287 563 quo
1316 514 1362 552 fit
1389 519 1435 553 ut
1463 517 1613 555 candor
1633 531 1717 556 cor-

315 591 457 628 porum
485 590 565 614 non
595 576 806 616 coloretur.
844 576 961 615 Hanc
989 577 1038 615 ab
1069 577 1222 616 oriente
1240 578 1408 629 Alpium
1425 579 1520 628 iuga
1539 585 1717 629 tuentur,

317 642 365 679 ab
387 654 531 679 occasu
553 654 726 678 oceanus
746 639 890 691 influit7
920 655 942 679 a
970 641 1138 680 meridie
1156 646 1375 692 praerupta
1393 642 1558 693 Pirinei‚
1588 657 1612 681 a
1631 657 1720 694 sep-

317 705 518 743 tentrione
559 704 693 742 Rheni
734 704 886 743 fluenta
928 711 1050 754 atque
1094 705 1322 744 Germania.
1393 706 1518 745 Cuius
1559 707 1720 745 initium

317 769 499 818 Belgica,
537 768 630 807 finis
658 769 881 818 Aquitania
918 774 991 807 est.
1047 769 1288 808 Adlanticus
1319 783 1341 807 a
1368 775 1504 809 monte
1530 770 1721 810 Adlante.

315 833 507 871 Adlans2
543 833 648 871 enim
682 833 808 871 frater
836 834 1070 872 Promethei
1103 833 1182 872 fuit
1218 838 1258 872 et
1291 847 1363 872 rex
1391 834 1551 886 Africo⁷
1590 849 1613 873 a
1642 848 1720 884 quo

318 897 559 946 astrologiae
594 902 721 935 artem
756 897 896 936 dicunt
928 898 1042 948 prius
1079 899 1347 947 excogitatam
1381 898 1551 947 ideoque
1587 899 1721 937 dictus

318 965 380 999 est
423 960 667 1000 sustinuisse
709 962 876 1001 caelum.
932 962 992 1000 Ob
1030 962 1290 1000 traditionem
1325 963 1451 1011 igitur
1486 963 1723 1014 disciplinae

319 1030 359 1062 et
388 1025 599 1063 scientiam
628 1026 729 1064 caeli
756 1039 902 1065 nomen
931 1026 1017 1065 eius
1046 1026 1088 1063 in
1123 1031 1300 1065 montem
1328 1026 1468 1065 Africe
1504 1027 1723 1065 dirivatum

319 1093 391 1126 est.
432 1088 657 1128 Gaditanus
687 1103 710 1128 a
738 1090 920 1128 Gadibus
950 1090 1094 1128 dictus.
1133 1090 1210 1128 Est
1228 1091 1243 1117 3
1272 1095 1405 1129 autem
1435 1090 1562 1128 Gadis
1590 1091 1722 1129 insula

317 1153 359 1190 in
387 1152 467 1191 fine
497 1153 660 1191 Beticae
694 1153 925 1203 provinciae
964 1155 1060 1203 sita,
1109 1166 1210 1205 quae
1253 1154 1405 1192 dirimit
1439 1155 1643 1204 Europam
1673 1155 1722 1192 ab

318 1216 475 1266 Africa;
512 1217 554 1254 in
584 1231 662 1265 qua
690 1217 879 1256 Herculis
916 1218 1123 1256 columnae
1157 1217 1359 1257 visuntur.
1417 1218 1544 1264 Quam
1574 1218 1672 1268 Tyri
1701 1232 1723 1256 a

317 1281 456 1319 Rubro
495 1282 595 1319 mari
636 1281 808 1331 profecti
851 1288 1093 1332 occupantes
1135 1281 1275 1330 lingua
1309 1295 1383 1320 sua
1418 1282 1545 1319 Gadis
1582 1281 1625 1319 id
1661 1289 1724 1319 est

319 1350 473 1394 septam
511 1345 839 1394 nominaverunt,
883 1359 928 1383 eo
966 1345 1069 1393 quod
1101 1345 1369 1395 circumsepta
1398 1344 1452 1383 sit
1479 1344 1591 1384 mari.
1647 1345 1723 1382 Est

317 1415 451 1447 autem
471 1423 493 1446 a
513 1409 736 1447 continenti
763 1414 871 1447 terra
892 1408 1002 1446 CXX
1030 1409 1217 1458 passibus
1247 1408 1390 1458 divisa,
1420 1408 1490 1446 ubi
1508 1409 1523 1436 4
1552 1408 1724 1459 primum

321 1487 467 1513 oceano
497 1474 618 1511 maris
638 1473 776 1522 Magni
804 1473 939 1510 lumen
968 1472 1158 1523 aperitur.
1197 1473 1316 1510 Unde
1346 1478 1385 1510 et
1404 1472 1604 1511 Hercules
1633 1486 1722 1510 cum

320 1538 502 1577 Gadibus
531 1538 804 1588 pervenisset,
842 1538 1047 1575 columnas
1075 1537 1132 1575 ibi
1160 1536 1316 1587 posuit,
1353 1550 1521 1587 sperans
1549 1537 1605 1575 ibi
1634 1549 1725 1575 esse

319 1603 427 1641 orbis
455 1608 653 1641 terrarum
681 1601 812 1641 finem.

399 1727 460 1781 [5]
496 1727 611 1776 Quod
643 1739 754 1770 mare
787 1738 980 1769 oceanum
1010 1726 1190 1780 undique
1223 1738 1340 1769 secus
1373 1727 1642 1782 navigatur.⁵

424 1820 546 1857 Hunc
574 1818 699 1868 igitur
720 1831 912 1857 oceanum
938 1818 1075 1856 multis
1094 1819 1324 1857 nominibus
1344 1832 1416 1869 pro
1437 1819 1647 1867 regionum
1668 1819 1725 1857 di-

320 1884 514 1921 versitate
534 1888 714 1921 taxatum
736 1882 1046 1931 circumquaque
1062 1883 1330 1932 navigabilem
1353 1896 1442 1921 cum
1460 1884 1726 1933 plurimorum

428 2007 450 2043 2
479 2011 637 2044 montes
667 2007 772 2043 enim
801 2005 891 2044 Isid.
948 2006 971 2042 5
1002 2019 1033 2044 c.
1063 2004 1207 2043 influat
1235 2005 1406 2044 includit
1436 2005 1525 2043 Isid.
1596 2006 1647 2042 10
1675 2005 1725 2043 01)

322 2070 589 2109 eruditionem
617 2069 742 2119 igitur
771 2069 857 2108 eius
891 2069 1129 2120 disciplinae
1158 2069 1248 2107 Ise’cl.
1320 2070 1365 2107 11
1397 2083 1420 2107 3
1448 2072 1487 2107 in
1517 2069 1725 2107 scientiam

321 2137 454 2173 litteris
483 2137 517 2173 ci
545 2136 662 2172 simile
731 2135 779 2171 19.
816 2134 951 2172 Gades
987 2134 1119 2172 insula
1150 2134 1239 2173 lsid.
1306 2135 1355 2171 14
1392 2133 1506 2184 Tyrii
1536 2147 1557 2171 a
1586 2134 1726 2172 Rubro

321 2198 492 2250 profecti
521 2199 621 2236 mari
650 2198 740 2237 Isid.
800 2199 847 2235 15
877 2197 1002 2236 Gadir
1023 2198 1113 2236 Isisl.
1144 2199 1210 2249 (al.
1234 2198 1385 2249 Gades)
1445 2199 1492 2235 16
1522 2211 1657 2248 sepem
1678 2199 1725 2236 al.

322 2268 479 2314 septam
501 2263 589 2301 lsid.
649 2263 696 2299 17
717 2263 846 2312 primo
877 2263 926 2300 ab
956 2275 1103 2300 oceano
1126 2293 1132 2300 .
1155 2292 1163 2301 .
1184 2263 1320 2300 lumen
1343 2263 1431 2300 lsid.
1490 2263 1537 2300 19
1559 2275 1728 2312 sperans

321 2329 403 2366 illic
432 2328 523 2375 lsid.
582 2328 629 2364 21
662 2329 764 2377 apud
792 2327 1008 2365 Duvmmler
1046 2329 1087 2376 sl.
1120 2329 1140 2364 l.
1169 2340 1204 2377 J).
1242 2328 1337 2376 l77sJ
1374 2328 1470 2377 salso
1500 2329 1634 2377 Ιιῃίῑιιι·
1669 2325 1728 2364 sic

318 2406 387 2443 pro
417 2405 535 2431 secus

422 2516 431 2542 ¹
458 2514 574 2548 Gallia
599 2533 642 2538 —
671 2515 851 2556 Aquitania
878 2521 924 2547 est
950 2526 994 2548 ex
1021 2515 1105 2548 Isid.
1135 2516 1179 2547 ib.
1209 2516 1302 2557 XIV„
1329 2516 1362 2557 4,
1388 2516 1445 2550 25.
1494 2514 1510 2541 ‘2
1537 2514 1666 2548 Adlans
1686 2534 1725 2539 ——

323 2574 504 2607 dirivatum
529 2580 575 2605 eat
602 2584 647 2607 ex
673 2573 759 2609 Isid.
787 2574 833 2607 ib.
855 2573 1003 2617 X1V,82
1024 2574 1077 2607 17.
1129 2574 1143 2600 3
1173 2575 1228 2607 Est
1254 2581 1364 2606 autem
1385 2594 1425 2598 —
1445 2573 1552 2606 divisa
1577 2585 1620 2607 ex
1642 2574 1727 2607 Isid.

324 2634 373 2668 ib.
400 2632 494 2675 XIV,
527 2633 559 2671 6,
587 2633 617 2665 7.
694 2632 707 2658 4
735 2632 788 2666 ubi
819 2634 967 2675 primum
997 2652 1038 2656 —
1058 2634 1165 2675 finem
1191 2644 1235 2665 ex
1272 2632 1357 2666 Isid.
1392 2634 1440 2667 ib.
1475 2633 1572 2673 XIII,
1605 2633 1660 2666 15.
1694 2632 1726 2664 2.

325 2691 339 2718 5
366 2692 408 2724 cs.
437 2692 601 2724 Martum.
630 2690 716 2735 Cap.
746 2691 806 2734 Vl,
833 2691 901 2725 622
928 2695 1016 2724 mari
1043 2691 1277 2733 undiquesecus
1304 2695 1468 2734 nari-cato.
