1916 3254
962 251 1223 288 —26—

391 363 564 402 diversis
592 362 690 400 locis
720 367 844 411 paret.
885 360 968 397 Dat
988 359 1118 409 Creta,
1149 372 1267 408 quem
1295 359 1436 397 curalii
1455 360 1624 398 achaten
1644 365 1790 398 vocant

391 427 539 465 curalio
575 425 762 473 similem,
803 423 874 462 sed
913 429 952 461 et
988 422 1147 460 inlitum
1181 421 1311 471 guttis
1347 436 1445 461 auro
1479 423 1720 462 micantibus
1750 428 1790 462 et

390 489 645 539 scorpionum
671 487 819 526 ictibus
847 487 1115 525 resistentem.
1166 486 1248 524 Dat
1275 486 1390 524 India
1418 487 1654 526 reddentem
1682 501 1790 526 nunc

390 566 596 592 nemorum
623 565 729 589 nunc
758 550 990 589 animalium
1016 550 1141 589 facies
1171 563 1288 599 quem
1316 551 1469 589 vidisse
1504 551 1630 590 oculis
1664 551 1787 601 favet,

343 623 363 654 5
389 617 534 666 quique
562 616 669 653 intra
696 629 740 654 os
769 621 956 666 receptus
985 615 1100 653 sedat
1125 616 1132 641 ¹
1163 614 1289 663 sitim,
1327 620 1422 652 sunt
1451 619 1490 652 et
1519 615 1588 663 qui
1615 615 1699 653 usti
1726 628 1787 653 re-

390 681 526 718 dolent
553 692 712 729 myrrae
741 679 913 718 odorem.
965 679 1143 716 Achates
1173 678 1406 727 sanguineis
1434 678 1601 717 maculis
1628 679 1788 717 inrube-

391 744 484 792 scit3
507 744 577 782 sed
594 743 663 792 qui
677 743 846 781 maxime
862 743 1095 792 probantur,
1117 742 1286 780 vitream
1300 742 1450 780 habent
1462 741 1790 792 perspicuitatem

387 814 432 846 ut
461 807 651 858 Cyprius,
688 820 780 845 nam
809 807 878 856 qui
906 812 1000 845 sunt
1033 806 1134 844 facie
1163 808 1303 855 berea,
1338 806 1620 844 habundantes
1650 807 1787 845 trivia-

388 872 481 910 liter
509 873 713 921 leguntur.

322 941 362 974 10
492 936 632 975 Omnis
661 935 834 974 ambitus
862 935 982 974 huius
1011 935 1166 973 insulae
1196 934 1396 973 clauditur
1416 934 1638 973 stadiorum
1657 935 1788 974 tribus

387 1000 565 1039 milibus.

494 1064 696 1103 Salustius
707 1065 724 1091 ’ἱ
743 1069 876 1102 autem
891 1063 999 1112 dicit,
1019 1063 1162 1101 Italiae
1183 1062 1435 1101 coniunctam
1453 1062 1581 1101 fuisse
1598 1062 1787 1113 Siciliam,

387 1128 459 1167 sed
486 1128 662 1166 medium
691 1127 865 1178 spatium
892 1127 1045 1177 impetu
1073 1126 1195 1165 maris
1215 1126 1391 1165 divisum
1411 1131 1451 1165 et
1470 1140 1541 1177 per
1561 1128 1788 1176 angustiam

387 1191 572 1230 scissum.

316 1264 359 1296 15
490 1256 669 1306 Tapsum
709 1255 841 1293 insula
883 1255 1026 1293 stadiis
1063 1254 1101 1292 X
1138 1267 1161 1292 a
1197 1253 1336 1291 Sicilia
1376 1260 1530 1292 remota
1571 1254 1706 1293 iacens
1748 1264 1787 1294 et

386 1320 555 1370 planior,
586 1319 692 1358 unde
721 1325 761 1358 et
788 1323 1029 1368 nuncupata.
1068 1318 1130 1356 De
1151 1331 1230 1366 qua
1249 1317 1465 1366 Virgilius:
1485 1319 1500 1344 3
1530 1318 1786 1369 Tapsumque

386 1384 596 1422 iacentem.

488 1447 570 1484 1114
600 1446 734 1484 Siculo
765 1446 886 1484 etiam
914 1446 1017 1484 freto
1053 1445 1207 1483 insulas
1251 1458 1341 1483 esse
1382 1443 1468 1483 non'
1504 1445 1670 1484 dubium
1711 1453 1784 1495 est,

383 1512 565 1550 Africam
607 1523 750 1549 versus
786 1510 914 1548 Gaulo
951 1510 1101 1548 Meleta
1143 1523 1189 1547 ac
1225 1509 1395 1548 Mariua.
1452 1510 1490 1547 A
1519 1509 1714 1560 Lyliboeo
1743 1512 1785 1549 in

313 1584 358 1615 20
383 1576 546 1614 milibus
576 1575 781 1624 octoginta
810 1580 898 1613 octo
929 1573 1112 1612 Consura
1139 1573 1181 1611 in
1211 1581 1371 1612 centum
1405 1574 1599 1613 tredecim
1627 1575 1785 1614 Erones

381 1641 591 1679 Roscoene
610 1639 867 1689 Lampadusa
886 1639 1040 1677 Astusa
1068 1652 1187 1687 quam
1215 1638 1283 1676 alii
1301 1638 1505 1688 Egeusam
1534 1639 1724 1678 dixerunt
1743 1646 1784 1678 et

382 1709 550 1744 ceterae.
607 1702 710 1740 Sunt
738 1703 839 1741 aliae
866 1703 909 1740 in
936 1702 1041 1741 freto
1071 1701 1232 1741 Siciliae
1261 1707 1417 1752 septem
1444 1703 1622 1754 Aeoliae,
1650 1703 1784 1754 appel-

381 1769 486 1807 latae
521 1782 544 1806 a
579 1768 730 1806 nostris
758 1766 1000 1816 Vulcaniae,
1037 1780 1126 1805 cum
1161 1766 1334 1805 diversis
1362 1767 1611 1805 nominibus:
1655 1768 1785 1817 prima

383 1833 530 1871 dicitur
559 1833 739 1883 Lypara,
770 1831 948 1871 secunda
983 1831 1166 1881 Terasia,
1202 1831 1322 1869 tertia
1350 1831 1598 1881 Strongilae,
1635 1832 1676 1870 in
1705 1845 1784 1881 qua

487 1957 506 1993 1
539 1955 851 1994 curalliachaten
879 1954 955 1994 Sol.
987 1955 1037 2003 (L
1049 1954 1101 2006 G)
1175 1955 1199 1991 2
1229 1954 1394 1993 curallio
1424 1954 1502 1993 Sol.
1534 1955 1647 2007 (HS)
1711 1955 1780 1994 sed

1689 2026 1705 2047 O

380 2055 538 2093 inlitum
566 2054 644 2093 Sol.
675 2054 784 2106 (HS)
866 2055 890 2092 6
919 2053 1199 2092 haemachates
1229 2052 1304 2092 Sol.
1343 2054 1497 2104 (LAP)
1579 2055 1601 2092 7
1631 2068 1662 2093 c.
1692 2068 1783 2105 pre-

382 2153 636 2204 spicuitatem
667 2153 718 2191 M
722 2154 730 2180 1
810 2153 836 2191 8
865 2166 896 2192 c.
918 2118 1179 2192 tabundantes
1215 2152 1263 2191 M
1340 2153 1363 2190 9
1393 2152 1664 2202 negleguntur
1701 2153 1780 2192 Sol.

382 2218 429 2255 19
459 2217 627 2267 Gaulos,
659 2217 778 2268 (BD)
816 2217 956 2256 Melita
985 2217 1056 2269 (D)
1094 2231 1117 2255 a
1147 2216 1357 2256 Camarina
1385 2217 1427 2254 in
1455 2218 1618 2256 milibus
1649 2223 1781 2268 octog.

381 2287 470 2320 octo
506 2295 528 2319 a
563 2282 756 2331 Lilybaeo
792 2282 834 2320 in
874 2287 1033 2320 centum
1068 2281 1273 2330 tredecim,
1309 2280 1492 2320 Oonsura
1533 2281 1782 2321 Hieronesos

381 2345 513 2384 Coene
542 2345 757 2395 Lopadusa
787 2346 971 2385 Aethusa
1000 2345 1118 2384 Mart.
1150 2345 1214 2396 (B)
1272 2346 1323 2383 ‘20
1351 2359 1382 2383 o.
1413 2346 1617 2395 egeusiam
1646 2347 1657 2384 i
1687 2360 1782 2385 eras.

380 2410 517 2448 dixere
547 2408 664 2448 Mart.
747 2411 796 2446 22
826 2411 926 2449 aliae
956 2409 1056 2448 citra
1085 2409 1263 2448 Siciliam
1300 2409 1420 2448 Mart.
1505 2411 1557 2448 24
1586 2410 1779 2450 Therasia

381 2474 499 2513 Mart.
528 2474 596 2525 (B)
654 2473 871 2524 Strongyle
900 2474 1019 2512 Mart.
1052 2474 1117 2525 (B)

478 2609 489 2635 ¹
516 2619 560 2641 ex
587 2607 657 2643 Sol.
676 2609 719 2652 V,
745 2608 894 2645 26—27.
942 2609 959 2634 2
984 2621 1029 2642 ex
1057 2609 1140 2643 [sid.
1170 2609 1266 2650 XIV,
1293 2610 1326 2649 6,
1352 2610 1407 2644 34.
1457 2610 1472 2635 :3
1498 2611 1587 2645 Aen.
1615 2610 1674 2652 111,
1700 2610 1781 2647 689.

384 2668 396 2692 ⁴
423 2678 468 2700 ex
496 2667 596 2700 Mart.
623 2666 708 2710 Cap.
740 2667 798 2702 Vl.
826 2668 905 2700 6⁴8.
