1916 3254
886 313 938 317 --
992 289 1092 326 XIV
1147 312 1196 317 —-

340 401 526 445 conicias,
557 401 650 449 quia
677 400 806 438 nostri
835 399 1005 437 similem
1033 399 1256 448 posteriore
1285 404 1418 437 aetate
1446 401 1642 450 scriptum
1661 414 1743 440 non

339 465 544 502 habemus.
580 464 669 510 Qua
697 463 746 501 de
776 476 897 501 causa
923 468 1061 512 partes
1081 462 1123 500 in
1151 462 1286 500 libello
1314 467 1454 501 nostro
1475 476 1524 501 ex
1542 465 1742 503 Martiano

343 528 566 578 descriptas
596 540 725 577 paene
753 527 964 577 archetypi
992 526 1102 564 illius
1130 526 1259 564 instar
1287 526 1494 566 habendas
1514 541 1604 566 esse
1632 534 1742 578 put0.

442 591 661 629 Difficilius
691 591 802 629 dictu
831 596 903 640 est,
941 604 1059 639 quem
1097 590 1276 629 codicem
1306 591 1452 629 Aetlzz'ci
1480 591 1573 630 Islri
1607 597 1746 629 noster

339 656 578 705 adhibuerit,
609 656 703 704 quia
722 655 763 692 in
784 669 831 693 ea
851 655 1034 706 opusculi
1061 662 1190 705 parte,
1220 656 1290 693 ubi
1308 655 1527 693 Aethicum
1547 655 1742 706 sequitur,

340 719 458 758 solito
492 719 659 757 liberius
695 724 815 768 atque
853 718 1060 758 confusius
1098 733 1163 757 res
1199 718 1413 770 excerpsit.
1469 719 1632 757 Aethici
1661 733 1742 758 ser-

340 796 496 821 monem
524 784 739 821 barbarum
768 784 928 822 omnino
957 796 1037 821 non
1065 783 1264 822 intellexit
1302 788 1453 832 auctor,
1491 783 1744 833 ineptissima

340 847 445 885 enim
481 851 521 885 et
555 848 797 897 pravissima
825 847 901 886 hoc
934 847 1020 886 loco
1055 848 1248 886 narravit.
1306 847 1458 885 Textus
1487 852 1626 885 noster
1653 861 1743 898 pro-

340 912 474 949 ximus
511 917 573 949 est
610 912 738 950 codici
772 912 825 961 L,
853 913 861 939 ¹
903 925 992 950 cum
1028 926 1105 961 quo
1149 913 1354 950 coaetanei
1383 917 1478 950 sunt
1505 912 1562 950 W
1591 917 1631 950 et
1659 912 1706 950 G.
1726 912 1742 939 2

342 976 452 1022 Quos
483 977 577 1024 quia
604 975 693 1014 fieri
720 990 801 1014 non
829 982 965 1027 potest
993 982 1038 1014 ut
1075 976 1226 1015 codicis
1255 976 1481 1027 Lipsiensis
1511 976 1744 1026 apographa

339 1041 431 1089 sint,
452 1041 467 1066 3
495 1053 574 1078 una
603 1053 693 1078 cum
720 1040 755 1078 L
784 1054 833 1079 ex
861 1041 999 1079 eodem
1027 1042 1247 1091 archetypo
1277 1040 1502 1091 descriptos
1539 1054 1628 1079 esse
1657 1041 1741 1079 veri

340 1104 470 1143 simile
500 1110 574 1144 est.
630 1105 758 1151 Quam
788 1105 837 1143 ob
866 1118 950 1144 rem
978 1119 1050 1155 pro
1080 1110 1259 1156 tempore
1287 1111 1426 1143 noster
1455 1110 1524 1142 aut
1551 1118 1674 1142 unum
1703 1112 1742 1143 et

340 1170 404 1207 his
438 1168 569 1206 tribus
604 1168 809 1208 codicibus
845 1169 1029 1207 adhibuit
1064 1176 1133 1207 aut
1168 1170 1203 1207 ei
1232 1169 1323 1208 fons
1360 1169 1520 1207 illorum
1549 1169 1590 1206 in
1619 1169 1742 1207 mani-

339 1235 414 1272 bus
442 1232 531 1271 fuit.

444 1297 522 1335 His
556 1297 613 1334 ita
644 1297 855 1347 dispositis
885 1299 1039 1335 auctori
1068 1297 1367 1335 vetustissimos
1402 1310 1584 1345 quosque
1619 1297 1743 1335 libros

342 1360 586 1412 suppetiisse
615 1366 794 1411 apparet.

444 1425 589 1462 Restat
624 1429 669 1462 ut
703 1425 745 1462 in
782 1430 987 1475 posterum
1025 1438 1088 1462 me
1127 1437 1289 1474 operam
1325 1437 1414 1463 esse
1444 1424 1632 1462 daturum
1660 1437 1750 1474 pro-

339 1490 454 1527 fitear
474 1493 518 1527 ut
538 1489 735 1537 quomodo
756 1488 821 1526 usi
841 1489 923 1527 sint
942 1494 1082 1527 nostro
1111 1488 1247 1527 libello
1278 1489 1496 1539 scriptores
1525 1487 1750 1538 posteriore

342 1562 520 1604 tempore
540 1554 555 1579 ⁴
583 1553 871 1603 geographiam
898 1558 1121 1591 tractantes
1151 1553 1352 1602 indagem.

553 1641 691 1675 Dabam
717 1642 818 1675 Halis
844 1642 889 1674 ad
917 1642 1038 1675 Salam

437 1701 464 1732 V
493 1701 572 1734 Kal.
600 1700 744 1734 Octobr.
772 1699 1128 1734 MDCCCLXXXIII.

438 2243 446 2268 ¹
472 2242 516 2276 cf.
544 2242 717 2275 Aethicns
743 2242 834 2275 Ister
860 2241 915 2276 ed.
941 2241 1092 2275 Wultke
1119 2253 1151 2285 p.
1181 2240 1310 2275 CXVII
1338 2252 1392 2285 sq.

430 2301 446 2327 2
472 2302 520 2335 ib.
549 2312 579 2344 p.
605 2300 735 2334 CXXII
763 2310 815 2344 sq.

434 2359 449 2385 3
475 2360 519 2394 cf.
545 2361 593 2394 ib.
622 2371 654 2403 p.
683 2359 844 2394 CXXIII.

432 2418 445 2444 ⁴
473 2417 623 2452 Hericus
649 2419 688 2451 in
713 2420 787 2450 vita
814 2418 846 2451 S.
878 2417 1048 2451 Germani
1076 2418 1097 2452 l.
1128 2418 1188 2460 ΙΙΙ,
1214 2418 1285 2452 240
1303 2429 1355 2462 sq,
1384 2418 1549 2451 libellum
1577 2422 1742 2452 nostrum

338 2478 540 2521 inspexisse
567 2476 710 2510 videtui·
735 2487 816 2510 cnm
844 2477 949 2510 dicit:

546 2535 695 2568 Extima
720 2535 863 2568 telluris
894 2535 1004 2568 limbo
1030 2536 1188 2568 cinxisse
1220 2537 1368 2579 perenni

548 2592 732 2627 Oceanum
760 2594 952 2637 perhibent
978 2600 1123 2637 patrum
1152 2595 1397 2627 instrumenta
1423 2596 1596 2638 priorum.

288 2678 291 2681 .
336 2653 464 2685 Noster
496 2653 591 2685 enim
629 2654 663 2684 in
701 2653 805 2685 initio
845 2652 930 2685 libri
958 2653 1065 2695 primi
1101 2653 1209 2685 verba
1244 2653 1345 2685 facit:
1385 2651 1563 2685 Oceanum
1607 2653 1740 2685 extima

338 2710 486 2744 telluris
514 2710 730 2745 mirabiliter
756 2711 974 2754 cingentem.
