1916 3254
798 274 1031 309 „9-

211 379 469 419 didicerimus
498 382 793 431 experimentis,
824 387 909 420 tum
931 381 1119 419 Marciani
1140 381 1288 419 Felicis
1311 380 1496 431 Capellae
1516 394 1606 430 pro-

210 443 412 482 babilibus
442 445 704 494 documentis⁷
735 445 880 493 quibus
908 445 951 482 id
979 444 1111 495 ipsum
1145 444 1404 495 adprobando
1442 457 1531 482 cum
1559 445 1607 482 de

209 508 458 547 rotunditate
485 509 641 547 telluris
660 510 892 557 loqueretur
910 509 986 547 ait:
1012 510 1020 535 ¹
1048 509 1295 546 Rotunditas
1321 513 1455 546 autem
1481 507 1607 558 ipsius

210 572 357 612 extima
393 573 659 611 circumfusus
692 573 817 610 ambit
851 586 1022 611 oceanus
1051 573 1156 610 sicut
1184 573 1400 621 navigatus
1428 572 1607 620 undique

212 637 492 687 conprobatur.
528 636 632 674 Nam
653 651 674 674 a
696 636 876 674 Gadibus
901 650 973 686 per
993 637 1106 686 spine
1126 636 1427 684 Galliarumque
1457 635 1605 673 flexum
1659 647 1678 676 5

210 700 470 739 occidentalis
503 699 623 750 plaga
657 699 785 737 omnis
819 699 1018 747 hodieque
1052 699 1278 747 navigatur.
1334 699 1442 736 Dum
1471 704 1607 736 autem

215 763 334 802 divus
353 764 568 812 Augustus
597 763 727 800 classe
747 762 1005 800 Germaniam
1025 762 1223 811 circuiret,
1254 762 1609 812 septentrionalem

212 832 342 866 totum
383 826 607 876 permeavit
649 839 852 864 oceanum.
906 825 1010 863 Nam
1052 826 1225 876 primum
1267 827 1308 863 in
1352 826 1606 875 Cymbricum

211 889 557 940 promunoturium
596 889 763 927 veniens
807 902 950 938 magno
992 889 1138 927 dehinc
1179 902 1389 939 permenso
1423 890 1523 927 mari
1559 889 1608 926 ad

212 954 430 992 Scithicam
456 953 616 1002 plagam
644 965 690 990 ac
709 953 889 1001 rigentes
917 952 1048 990 undas
1076 965 1204 1001 usque
1232 952 1472 1003 penetravit.
1510 953 1609 990 Item
1634 962 1679 994 10

210 1018 258 1055 ab
280 1016 446 1055 orientis
474 1016 669 1066 principio
692 1020 729 1053 et
750 1015 886 1054 Indico
904 1015 1006 1053 mari
1025 1029 1132 1066 pars7
1163 1029 1264 1064 quae
1292 1016 1424 1066 pergit
1452 1016 1494 1053 in
1515 1015 1607 1053 Cas-

209 1080 320 1130 pium
338 1093 459 1129 mare,
489 1093 512 1117 a
530 1080 798 1118 Macedonum
817 1080 1016 1118 classibus
1036 1081 1244 1129 remigata,
1275 1080 1369 1117 dum
1390 1079 1609 1117 Seleuchus

211 1148 251 1181 et
269 1144 496 1182 Antiochus
524 1149 776 1193 regnassent.
831 1144 951 1182 Palus
979 1157 1074 1182 vero
1095 1143 1268 1182 Meotica
1297 1144 1477 1181 eiusdem
1498 1144 1610 1180 sinus

210 1208 382 1245 habetur
410 1208 560 1246 oceani.
616 1207 722 1245 Item
761 1207 868 1246 laevi
901 1208 1026 1246 latere
1062 1208 1294 1245 circumflua
1327 1212 1609 1245 memorentur.

210 1273 274 1310 Ab
310 1271 410 1322 ipsis
447 1272 583 1320 itaque
619 1272 814 1310 columnis
848 1272 1038 1310 Herculis
1076 1285 1177 1320 quae
1216 1272 1257 1309 in
1287 1271 1487 1309 Gaditano
1517 1276 1611 1308 sunt
1637 1281 1680 1313 15

209 1335 328 1375 litore
357 1341 588 1381 consecrate
616 1349 744 1384 usque
764 1337 805 1373 in
825 1336 1044 1373 Arabicum
1063 1336 1196 1373 sinum
1216 1335 1462 1373 meridianus
1483 1333 1611 1373 omnis

210 1405 439 1450 permeatur
459 1412 644 1447 oceanus,
665 1400 770 1437 sicut
788 1398 972 1449 plurimis
993 1403 1249 1437 asseveratur
1270 1398 1478 1448 exemplis.
1508 1398 1611 1435 Nam

211 1464 297 1502 eius
325 1464 540 1500 maximam
567 1468 721 1512 partem
750 1463 891 1511 Magni
917 1462 1140 1500 Alexandri
1170 1463 1377 1500 sulcavere
1407 1462 1610 1499 victoriae.

210 1528 260 1565 In
301 1527 441 1565 eodem
474 1527 650 1565 Arabico
693 1526 784 1564 sinu
827 1531 1059 1564 consecrato
1096 1526 1197 1565 Gaio
1235 1526 1406 1564 Caesare
1434 1525 1612 1574 Augusti

210 1590 304 1640 filio,
337 1591 612 1641 Hispanarum
639 1591 802 1628 navium
829 1590 1086 1639 naufragium
1115 1596 1154 1628 et
1182 1591 1332 1629 eiectae
1367 1590 1611 1638 fragmento-
1635 1599 1682 1632 20

210 1668 299 1692 rum
317 1654 511 1702 reliquiae
531 1667 710 1704 paruere.
748 1654 853 1692 Item
872 1654 1006 1692 Annio
1026 1667 1098 1692 rex
1118 1654 1212 1691 dum
1233 1654 1431 1691 Punicum
1451 1653 1611 1691 floreret

215 1718 427 1768 imperium
454 1718 719 1756 Mauritaniae
762 1718 932 1755 circuitu
960 1731 1006 1756 ac
1047 1718 1193 1756 dehinc
1233 1717 1445 1756 meridiani
1482 1716 1612 1754 flexus

217 1796 388 1820 excursu
414 1783 456 1820 in
484 1782 659 1820 Arabiae
696 1782 889 1820 terminos
926 1782 1083 1832 prolixa.
1112 1781 1327 1819 admodum
1354 1781 1611 1829 navigatione

216 1846 413 1895 pervenit.
470 1845 680 1884 Cornelius
723 1850 862 1883 auctor
905 1845 1115 1883 confirmat
1157 1845 1356 1893 quendam
1398 1844 1611 1882 Eudoxum

214 1909 438 1958 fugientem
473 1910 582 1959 regis
616 1909 784 1947 insidias
814 1923 863 1947 ex
893 1910 1045 1947 Arabia
1073 1909 1115 1947 in
1145 1909 1343 1947 Gaditana
1379 1908 1612 1958 pervenisse
1637 1917 1681 1949 25

215 1974 381 2022 refugia.
439 1972 574 2019 Celius
617 1973 831 2023 Antipater
868 1986 911 2011 se
953 1973 1154 2011 hominem
1195 1972 1350 2011 vidisse
1392 1971 1611 2020 confirmat,

215 2037 284 2085 qui
317 2037 604 2086 negotiationis
639 2037 782 2074 ardore
816 2037 858 2074 in
886 2036 1146 2087 Aethiopiam
1185 2051 1234 2075 ex
1267 2036 1467 2085 Hispania
1502 2036 1611 2073 navi·

321 2163 344 2199 3
371 2159 632 2198 rotunditatis
661 2159 780 2198 Mart.
844 2160 870 2196 4
899 2159 1004 2197 circa
1034 2160 1180 2197 extima
1209 2158 1329 2197 Mart.
1392 2158 1414 2193 5
1443 2169 1514 2206 per
1541 2156 1612 2193 Hi-

217 2224 380 2273 spaniae
409 2223 630 2261 Galh'arum
659 2223 780 2262 illart.
837 2223 858 2260 7
890 2223 1117 2261 circumiret
1141 2223 1262 2261 Mart.
1317 2222 1342 2258 8
1371 2220 1614 2258 Cimbricum

218 2286 336 2324 Mart.
396 2288 444 2325 10
472 2288 522 2325 de
550 2287 722 2325 confinio
742 2287 839 2325 item
859 2287 907 2324 ab
937 2286 1058 2325 Mart.
1117 2288 1164 2324 13
1193 2285 1476 2335 regnavissent
1497 2283 1614 2321 Mart.

220 2350 268 2387 13
297 2363 328 2387 c.
357 2350 501 2400 paulus
524 2353 691 2401 primum
726 2365 754 2388 u
781 2364 876 2389 eras.
931 2351 1129 2389 Maeotica
1159 2351 1278 2389 Mart.
1310 2349 1360 2399 (B
1372 2348 1426 2397 D)
1484 2350 1531 2386 14
1562 2347 1615 2384 la-

218 2413 317 2451 teris
347 2413 466 2452 Mart.
526 2414 572 2453 19
593 2415 814 2453 constituto
844 2414 944 2453 Gaio
974 2415 1095 2453 Mart.
1151 2416 1197 2452 21
1220 2415 1367 2451 Hanno
1397 2424 1466 2448 rex
1497 2411 1614 2448 Mam.

218 2513 269 2549 24
297 2525 328 2550 c.
361 2484 477 2550 auctor
506 2512 552 2550 Μ
605 2513 793 2550 adfirmat
827 2513 947 2552 Mart.

317 2675 325 2700 ¹
351 2676 412 2708 lib.
441 2675 500 2714 Vr„
526 2675 697 2708 617—22.
