1916 3254
288 993 331 1025 10

285 1312 328 1344 15

282 1631 328 1666 20

282 1954 326 1988 25

933 296 1196 333 -32-

359 405 579 444 Romanam
615 406 832 443 amicitiam
859 405 1098 455 flagrantius
1127 408 1443 459 concupivisset,
1488 409 1626 447 Tratia
1652 409 1760 460 prin-

358 469 444 518 cipe
486 469 641 518 legatos
679 470 730 507 ad
766 482 841 507 nos
883 483 1012 518 usque
1053 471 1182 521 misit,
1226 485 1249 509 a
1284 471 1430 520 quibus
1473 473 1634 522 cognita
1668 478 1764 511 sunt

355 546 556 575 universa,

460 597 569 646 Ergo
589 597 683 635 inde
703 598 886 636 homines
902 611 1114 649 corporum
1129 599 1407 649 magnitudine
1424 613 1561 638 omnes
1577 599 1760 638 homines

356 661 611 700 antecedunt.
669 661 811 700 Crines
848 662 939 701 fuco
981 664 1174 713 inbuunt,
1218 662 1413 702 caeruleis
1449 664 1596 713 oculis,
1636 664 1764 702 atroci

356 726 466 773 visu7
509 726 684 764 terrifico
725 740 824 765 sono
867 727 996 777 vocis;
1040 728 1185 776 quibus
1220 727 1422 766 inmatura
1456 741 1564 766 mors
1601 733 1680 778 est,
1719 728 1761 766 in

357 802 484 827 annos
515 795 676 828 centum
705 804 849 829 aevum
876 792 1055 841 trahunt,
1085 792 1174 830 aliis
1204 793 1388 830 omnibus
1417 805 1570 831 annosa
1590 796 1702 831 aetas
1722 798 1762 830 et

356 866 482 904 paene
510 854 617 892 ultra
650 855 865 894 humanam
895 860 1059 894 extenta
1085 856 1361 905 fragilitatem.
1418 855 1531 894 Nulli
1565 860 1635 894 aut
1669 860 1762 894 ante

356 917 461 955 diem
496 922 565 956 aut
598 932 671 970 per
706 920 792 959 dies
829 934 1011 967 somnus;
1055 920 1239 959 aedificia
1268 920 1423 960 modice
1453 921 1502 958 ab
1532 921 1653 958 humo
1683 920 1760 958 ele-

356 989 470 1033 vata3
501 998 685 1024 annona-e
715 985 854 1025 eodem
884 999 1043 1036 semper
1070 991 1221 1025 tenore.
1260 986 1378 1025 Vites
1405 986 1604 1035 nesciunt,
1633 984 1763 1035 pomis

355 1048 602 1088 habundant.
648 1050 795 1088 Colunt
822 1051 1050 1089 Herculem.
1105 1051 1151 1089 In
1180 1051 1289 1100 regis
1319 1051 1512 1090 electione
1540 1063 1622 1088 non
1650 1049 1762 1088 nobi-

354 1112 448 1151 litas
477 1114 695 1164 praevalet,
727 1115 800 1153 sed
829 1114 1083 1164 subfragium
1111 1115 1407 1153 universorum.
1446 1114 1628 1165 Populus
1658 1113 1764 1152 enim

355 1177 468 1226 eligit
497 1184 725 1228 spectatum
752 1178 933 1217 moribus
954 1184 995 1217 et
1014 1179 1243 1217 inveterata
1272 1178 1484 1218 clementia
1503 1179 1624 1217 etiam
1645 1177 1764 1216 annis

354 1255 519 1290 gravem
539 1247 579 1281 et
608 1243 673 1281 cui
692 1243 809 1281 liberi
828 1243 928 1281 nulli
948 1248 1054 1281 sunt.
1093 1243 1196 1280 Nam
1217 1244 1286 1291 qui
1305 1248 1420 1293 pater
1439 1243 1574 1292 fuerit,
1605 1243 1762 1281 etiamsi

353 1306 438 1344 vita
473 1311 696 1357 spectetur,
739 1320 820 1345 non
858 1307 1085 1345 admittitur
1120 1307 1169 1344 ad
1206 1307 1438 1355 regendum.
1495 1307 1549 1344 Et
1586 1307 1620 1344 si
1656 1307 1761 1345 forte

353 1369 449 1407 dum
483 1375 644 1420 regnat,
687 1371 835 1421 pignus
878 1371 1061 1420 sustulit,
1098 1371 1259 1409 exuitur
1295 1375 1514 1421 potestate3
1563 1370 1686 1419 idque
1715 1383 1761 1408 eo

352 1435 524 1473 maxime
559 1435 806 1485 custoditur,
849 1448 899 1473 ne
935 1435 1008 1473 fiat
1040 1434 1329 1473 hereditarium
1365 1448 1546 1484 regnum.
1600 1434 1759 1473 Deinde

354 1499 511 1537 etiamsi
540 1513 611 1538 rex
639 1500 853 1538 maximam
887 1500 1092 1551 praeferat
1120 1500 1365 1548 aequitatem
1392 1500 1537 1538 nolunt
1565 1500 1601 1538 ei
1630 1504 1759 1538 totum

352 1563 484 1602 licere.
525 1564 804 1614 Quadraginta
832 1578 928 1614 ergo
956 1569 1134 1603 rectores
1163 1563 1322 1615 accipit,
1350 1577 1400 1602 ne
1428 1565 1469 1602 in
1499 1564 1632 1602 causis
1653 1564 1759 1614 capi-

353 1635 438 1666 tum
458 1629 568 1667 solus
588 1629 756 1679 iudicet;
789 1642 1030 1678 quamquam
1050 1629 1107 1667 sic
1127 1641 1297 1678 quoque,
1329 1629 1364 1667 si
1385 1628 1633 1679 displicuerit
1657 1628 1758 1667 iudi-

354 1698 503 1743 catum,
547 1694 596 1731 ad
640 1694 831 1744 populum
872 1698 1117 1744 provocatur
1159 1698 1279 1742 atque
1313 1694 1368 1731 ita
1411 1693 1516 1731 datis
1559 1693 1758 1731 iudicibus

353 1759 563 1807 sexaginta
582 1757 711 1796 fertur
730 1759 942 1807 sententia,
974 1759 1037 1796 cui
1056 1759 1285 1796 necessario
1316 1758 1600 1807 adquiescitur.
1637 1756 1759 1795 Cultu

352 1835 423 1860 rex
460 1822 645 1860 dissimili
682 1836 706 1860 a
746 1823 916 1861 caeteris
954 1823 1128 1861 vestitur
1165 1827 1360 1872 syrmate,
1403 1827 1449 1859 ut
1486 1829 1548 1860 est
1582 1821 1762 1870 habitus,

354 1899 432 1934 quo
468 1886 658 1925 Liberum
693 1891 850 1937 patrem
885 1887 1037 1925 amiciri
1071 1886 1267 1925 videmus.
1325 1886 1479 1933 Quodsi
1515 1887 1636 1925 etiam
1673 1887 1760 1936 ipse

354 1950 392 1987 in
421 1955 587 2000 peccato
626 1951 757 2000 aliquo
787 1951 987 2002 arguitur7
1025 1957 1154 1989 morte
1188 1951 1392 2000 multatur,
1431 1964 1512 1989 non
1546 1955 1681 1989 tamen
1715 1955 1760 1988 ut

355 2015 589 2064 cuiusquam
617 2019 814 2053 atteratur
841 2029 963 2053 manu
991 2015 1063 2054 sed
1092 2027 1292 2053 consensu
1325 2015 1486 2064 publico
1515 2028 1649 2053 rerum
1678 2028 1758 2052 om-

353 2080 463 2117 nium
507 2080 721 2117 interdicta
761 2079 971 2128 facultate3
1016 2080 1136 2118 etiam
1179 2078 1353 2128 colloqui
1395 2084 1576 2130 potestas
1619 2079 1758 2129 punito

354 2144 587 2192 denegatur.
645 2143 836 2182 Culturae
865 2144 1032 2182 student
1060 2143 1252 2192 universi,
1292 2144 1505 2182 venatibus
1535 2143 1758 2192 indulgent,

353 2221 427 2246 neo
461 2207 638 2259 plebeias
676 2213 802 2257 agunt
835 2208 1006 2259 praedas
1037 2209 1183 2259 quippe
1223 2220 1311 2245 cum
1341 2207 1524 2258 tygrides
1554 2212 1623 2245 aut
1652 2206 1758 2245 hele-

463 2445 481 2480 1
505 2456 536 2481 o.
567 2443 687 2481 tratia
706 2443 886 2493 principe
906 2456 988 2482 cum
1008 2442 1085 2482 Sol.
1108 2444 1277 2494 (Rachia
1308 2444 1517 2483 Mommsen
1538 2458 1618 2483 cum
1642 2443 1759 2495 Ptin.)

354 2546 377 2582 5
407 2556 453 2582 ac
481 2543 584 2581 truci
612 2542 702 2581 visu
731 2541 811 2581 Sol.
842 2542 914 2595 (H)
982 2544 1032 2583 10
1060 2556 1218 2582 annona
1248 2543 1326 2583 Sol.
1358 2544 1430 2596 (H)
1496 2545 1542 2582 11
1575 2508 1761 2582 &habun-

355 2643 452 2681 dant
472 2643 520 2682 M
574 2644 621 2681 13
651 2656 682 2682 c.
712 2605 831 2694 eligit
860 2643 906 2682 M
957 2644 1006 2681 22
1037 2645 1295 2694 septuaginta
1332 2643 1410 2682 Sol.
1442 2643 1500 2695 (h)
1557 2643 1606 2681 27
1636 2643 1758 2682 inter-

355 2709 461 2746 dicta
491 2709 525 2747 ei
554 2708 632 2747 Sol.
664 2709 736 2761 (H)
795 2708 980 2757 colloquii
1010 2708 1088 2747 Sol.
