1916 3254
760 280 1019 316 —59—

192 388 347 426 duobus
389 387 563 426 milibus.
626 388 847 438 Utriusque
888 389 1154 427 Mauritaniae
1196 389 1406 438 longitudo
1449 388 1581 426 decies

192 452 359 501 triginta
389 458 478 490 octo
506 452 628 501 milia,
657 452 828 490 latitudo
859 453 1151 501 quadringenta
1180 452 1387 501 sexaginta
1419 458 1582 503 septem.

193 516 357 564 Absaga
377 515 583 554 Munidiae
604 517 764 554 nomine
785 517 995 554 celebrata.
1047 516 1244 555 Numidae
1264 516 1453 554 Munides
1474 516 1581 564 dicti,

193 580 306 617 cuius
341 579 382 616 in
424 579 726 618 mediterraneis
765 580 917 618 colonia
954 580 1068 618 Circa
1103 580 1271 618 interius
1308 580 1422 618 Sicca
1465 589 1583 628 atque

193 643 308 680 Bulla
339 643 487 692 Regia3
524 644 566 681 in
596 657 662 681 ora
693 657 787 682 vero
822 643 951 681 litoris
979 644 1093 693 Ypos
1122 644 1276 693 Regius
1311 657 1357 682 ac
1392 643 1582 681 Tabraca.
1633 658 1652 689 5

191 707 366 745 Interius
393 709 399 733 ¹
429 707 652 756 Zeugitana
692 707 824 756 regio,
869 720 968 756 quae
1000 708 1184 757 propriae
1221 714 1388 745 vocatur
1425 706 1582 753 Af1·ica;

194 771 313 809 habet
341 771 439 808 haec
467 771 543 808 tria
580 771 898 820 promuncturia:
942 771 1170 820 Appollinis
1206 771 1420 809 adversum
1450 770 1584 807 Sardi-

193 836 317 883 niam,
356 835 545 872 Mercurii
573 840 804 884 respectans
834 834 1030 883 Siciliam„
1067 848 1167 883 quae
1203 836 1243 872 in
1273 835 1397 872 altum
1425 847 1586 884 procur-

193 900 320 937 rentia
372 898 472 936 duos
524 898 703 935 efficiunt
749 899 861 936 sinus
900 899 949 936 ab
987 899 1156 948 Yppone
1198 899 1397 948 Diarritug
1442 898 1584 936 deinde

193 962 537 1012 promuncturium
556 961 758 1011 Apollinis
789 967 828 999 et
856 962 896 999 in
926 961 1003 999 alio
1025 962 1116 999 sinu
1136 962 1254 1000 Utica
1277 963 1439 1000 Catonis
1461 967 1586 1000 morte
1612 977 1655 1008 ῃ,

192 1020 460 1064 memoranda.
516 1024 687 1062 Demum
722 1025 902 1074 Maxula,
950 1025 1086 1076 Carpi,
1123 1027 1303 1064 Messua.
1345 1026 1508 1074 Cliaque
1546 1026 1587 1063 in

192 1088 492 1139 promuncturio
521 1088 723 1126 Mercurii.
779 1089 883 1127 Item
913 1089 1097 1138 Curubis,
1128 1090 1331 1140 Neapolis.

294 1153 389 1190 Mox
410 1153 487 1190 alia
507 1152 711 1190 distinctio
732 1152 872 1191 Libiae
893 1153 1090 1192 Phenices
1118 1159 1325 1202 vocantur,
1356 1154 1424 1203 qui
1445 1154 1587 1192 Bizan-

193 1217 296 1255 cium
337 1216 538 1263 incolunt,
584 1230 685 1265 quae
723 1217 834 1266 regio
872 1217 1057 1256 ducentis
1094 1219 1384 1267 quinquaginta
1426 1218 1586 1256 milibus

190 1294 381 1331 passuum
410 1281 613 1319 circuitur.
653 1281 777 1319 Cuius
798 1282 900 1319 satio
922 1283 1138 1320 centesimo
1159 1296 1310 1321 messes
1341 1283 1586 1321 incremento
1612 1294 1654 1326 15

190 1344 406 1383 feneratur.
462 1345 540 1382 Hic
583 1345 731 1395 oppida
772 1346 931 1396 Pupput
973 1346 1219 1385 Adrometus
1260 1347 1402 1398 Leptis
1447 1347 1585 1397 Ruspe

192 1409 348 1459 Tapsus
379 1409 510 1446 Tenea
540 1409 683 1447 Besma
714 1409 833 1447 Coma
864 1409 990 1448 Desta
1021 1410 1176 1460 Capesa
1195 1411 1319 1448 Brata
1349 1411 1586 1460 contingens

190 1472 341 1522 Syrtim
369 1473 574 1521 minorem,
605 1473 655 1511 ad
687 1487 805 1522 quem
836 1474 1050 1512 Numidiae
1081 1481 1120 1512 et
1149 1474 1312 1513 Africae
1341 1475 1390 1512 ab
1420 1475 1585 1524 Ansaga

189 1537 398 1586 longitudo
429 1543 524 1574 sunt
552 1537 661 1575 milia
690 1538 920 1587 quingenta,
951 1538 1121 1576 latitudo
1151 1539 1335 1577 ducenta.

296 1601 456 1639 Tertius
504 1601 616 1640 sinus
663 1602 858 1640 dividitur
899 1602 939 1639 in
981 1603 1162 1652 geminos
1205 1603 1373 1640 duarum
1416 1604 1587 1653 syrtium
1609 1614 1655 1647 20

191 1677 375 1703 secessus
413 1665 563 1702 vadosa
602 1665 806 1715 reciproco
841 1666 951 1704 mari.
1009 1666 1088 1705 Sed
1124 1667 1253 1704 minor
1282 1665 1402 1705 Sirtis
1440 1680 1461 1704 a
1493 1666 1586 1705 Car-

297 1852 320 1888 3
350 1852 398 1889 ab
427 1853 633 1902 Ampsaga
662 1852 860 1890 Numidia.
890 1851 1010 1890 Mart.
1043 1852 1106 1902 (ab
1137 1864 1234 1900 saga
1261 1852 1347 1889 ΒΕ,
1448 1851 1587 1890 Numi-

196 1914 283 1953 diae
314 1945 478 1953 .....
508 1915 708 1954 Nomades
753 1915 851 1954 dicti
896 1915 1017 1954 Mart.
1112 1917 1138 1952 4
1167 1915 1275 1954 Cirta
1319 1915 1439 1955 Mart.
1484 1916 1588 1968 (bR)

191 1977 282 2016 Sica
310 1978 429 2018 Mart.
573 1981 596 2017 ὗ
625 1979 762 2030 Hippo
791 1980 928 2029 regius
956 1980 1077 2018 Mart.
1219 1981 1244 2018 8
1274 1993 1306 2018 c.
1338 1980 1587 2030 siciliamque

191 2056 288 2081 corr.
319 2056 420 2091 quae
474 2044 497 2081 9
517 2043 708 2093 Hippone
736 2043 928 2093 Diarryto
958 2043 1078 2082 Mart.
1136 2045 1181 2081 11
1205 2043 1436 2094 Clypeaque
1465 2044 1587 2082 illam.

191 2107 240 2144 13
268 2106 473 2145 distinctio
502 2108 825 2158 Libyphoenices
846 2108 965 2146 Mart.
998 2108 1268 2159 (lybiephoen.
1302 2108 1390 2158 ij>
1458 2108 1587 2158 Byza-

191 2171 294 2208 cium
312 2171 430 2211 Mart.
462 2172 714 2221 (byzancium
734 2173 770 2223 r)
828 2173 876 2210 15
896 2172 1040 2211 messis
1059 2172 1179 2210 Mart.
1202 2172 1249 2221 (Β
1263 2172 1332 2222 1R)
1390 2173 1438 2210 16
1458 2173 1588 2210 Adru-

190 2239 320 2273 metus
349 2235 468 2274 Mart.
500 2236 550 2285 (B
562 2236 616 2287 R)
752 2250 782 2275 c.
812 2236 964 2289 rus[pe]
995 2236 1170 2290 tap[s]us
1308 2237 1471 2287 Ruspae
1501 2267 1508 2275 .
1540 2267 1547 2274 .

191 2297 324 2336 Tenae
359 2301 469 2337 Aves
504 2300 760 2339 Macomades
794 2300 953 2351 Tacape
992 2301 1161 2339 Sabrata
1195 2300 1315 2339 illari.
1360 2301 1471 2350 (abes
1499 2301 1586 2347 bR)

193 2362 242 2399 18
269 2376 387 2411 quam
414 2363 535 2402 illart.
616 2365 822 2416 Ampsaga
850 2365 970 2403 Mart.
999 2365 1111 2415 (BR)
1203 2377 1235 2403 c,
1264 2377 1430 2414 ansaga3
1461 2365 1588 2414 longi-

190 2425 287 2464 tudo
345 2427 392 2464 19
421 2426 640 2477 quingenta
668 2428 873 2479 octoginta
894 2429 1011 2467 Mart.
1068 2430 1116 2466 ‘21
1144 2442 1175 2466 c.
1206 2429 1331 2467 uados
1361 2442 1406 2467 ac
1436 2442 1465 2467 c.
1491 2442 1586 2467 eras.

1326 2485 1365 2498 ψ

192 2538 222 2564 c.
253 2497 342 2564 sitis
371 2526 420 2563 M

288 2683 297 2709 ι
323 2685 370 2718 ib.
401 2684 458 2727 η,
486 2684 658 2718 cao-74.
