<?xml version="1.0" encoding="UTF-8"?>
<!DOCTYPE html PUBLIC "-//W3C//DTD XHTML 1.0 Transitional//EN"
    "http://www.w3.org/TR/xhtml1/DTD/xhtml1-transitional.dtd">
<html xmlns="http://www.w3.org/1999/xhtml" xml:lang="en" lang="en">
 <head>
  <title>
</title>
<meta http-equiv="Content-Type" content="text/html;charset=utf-8" />
  <meta name='ocr-system' content='tesseract 3.04.00' />
  <meta name='ocr-capabilities' content='ocr_page ocr_carea ocr_par ocr_line ocrx_word'/>
</head>
<body>
  <div class='ocr_page' id='page_1' title='image "anonymidesituorb00maniuoft_0013.png"; bbox 0 0 1916 3254; ppageno 0'>
   <div class='ocr_carea' id='block_1_1' title="bbox 776 256 1063 295">
    <p class='ocr_par' dir='ltr' id='par_1_1' title="bbox 776 256 1063 295">
     <span class='ocr_line' id='line_1_1' title="bbox 776 256 1063 295; baseline 0 -10"><span class='ocrx_word' id='word_1_1' title='bbox 776 256 1063 295; x_wconf 78' lang='lat' dir='ltr'>..VH-</span> 
     </span>
    </p>
   </div>
   <div class='ocr_carea' id='block_1_2' title="bbox 219 365 1629 2589">
    <p class='ocr_par' dir='ltr' id='par_1_2' title="bbox 219 365 1623 1116">
     <span class='ocr_line' id='line_1_2' title="bbox 222 365 1623 416; baseline -0.001 -11"><span class='ocrx_word' id='word_1_2' title='bbox 222 368 462 405; x_wconf 86' lang='lat' dir='ltr'>discernere.</span> <span class='ocrx_word' id='word_1_3' title='bbox 502 366 590 404; x_wconf 78' lang='lat' dir='ltr'>Nisi</span> <span class='ocrx_word' id='word_1_4' title='bbox 617 371 756 405; x_wconf 83' lang='lat' dir='ltr'>auctor</span> <span class='ocrx_word' id='word_1_5' title='bbox 775 367 824 405; x_wconf 91' lang='lat' dir='ltr'>de</span> <span class='ocrx_word' id='word_1_6' title='bbox 851 366 1002 416; x_wconf 79' lang='lat' dir='ltr'>rapinis</span> <span class='ocrx_word' id='word_1_7' title='bbox 1027 365 1403 415; x_wconf 81' lang='lat' dir='ltr'>incursionibusque</span> <span class='ocrx_word' id='word_1_8' title='bbox 1428 366 1623 404; x_wconf 86' lang='lat' dir='ltr'>Norman·</span> 
     </span>
     <span class='ocr_line' id='line_1_3' title="bbox 221 430 1620 481; baseline 0 -12"><span class='ocrx_word' id='word_1_9' title='bbox 221 444 364 469; x_wconf 89' lang='lat' dir='ltr'>norum</span> <span class='ocrx_word' id='word_1_10' title='bbox 391 431 622 479; x_wconf 87' lang='lat' dir='ltr'>loqueretur</span> <span class='ocrx_word' id='word_1_11' title='bbox 650 444 728 469; x_wconf 91' lang='lat' dir='ltr'>non</span> <span class='ocrx_word' id='word_1_12' title='bbox 757 431 928 480; x_wconf 75' lang='lat' dir='ltr'>liqueret</span> <span class='ocrx_word' id='word_1_13' title='bbox 957 430 1021 468; x_wconf 90' lang='lat' dir='ltr'>cui</span> <span class='ocrx_word' id='word_1_14' title='bbox 1049 431 1218 481; x_wconf 80' lang='lat' dir='ltr'>tempori</span> <span class='ocrx_word' id='word_1_15' title='bbox 1245 431 1404 469; x_wconf 91' lang='lat' dir='ltr'>libellus</span> <span class='ocrx_word' id='word_1_16' title='bbox 1423 435 1532 469; x_wconf 89' lang='lat' dir='ltr'>recte</span> <span class='ocrx_word' id='word_1_17' title='bbox 1551 431 1620 468; x_wconf 85' lang='lat' dir='ltr'>ad-</span> 
     </span>
     <span class='ocr_line' id='line_1_4' title="bbox 219 487 1619 545; baseline -0.001 -12"><span class='ocrx_word' id='word_1_18' title='bbox 219 494 458 533; x_wconf 85' lang='lat' dir='ltr'>scribendus</span> <span class='ocrx_word' id='word_1_19' title='bbox 489 500 606 532; x_wconf 87' lang='lat' dir='ltr'>esset.</span> <span class='ocrx_word' id='word_1_20' title='bbox 640 494 702 531; x_wconf 81' lang='lat' dir='ltr'>Ex</span> <span class='ocrx_word' id='word_1_21' title='bbox 730 494 864 533; x_wconf 87' lang='lat' dir='ltr'>littera</span> <span class='ocrx_word' id='word_1_22' title='bbox 884 487 932 532; x_wconf 66' lang='grc' dir='ltr'>ΙῙ.</span> <span class='ocrx_word' id='word_1_23' title='bbox 954 494 993 532; x_wconf 95' lang='lat' dir='ltr'>in</span> <span class='ocrx_word' id='word_1_24' title='bbox 1014 495 1131 532; x_wconf 89' lang='lat' dir='ltr'>titulo</span> <span class='ocrx_word' id='word_1_25' title='bbox 1152 495 1284 545; x_wconf 88' lang='lat' dir='ltr'>posita</span> <span class='ocrx_word' id='word_1_26' title='bbox 1302 493 1420 532; x_wconf 87' lang='lat' dir='ltr'>facile</span> <span class='ocrx_word' id='word_1_27' title='bbox 1440 495 1619 544; x_wconf 81' lang='lat' dir='ltr'>intellegi</span> 
     </span>
     <span class='ocr_line' id='line_1_5' title="bbox 222 557 1621 609; baseline -0.001 -13"><span class='ocrx_word' id='word_1_28' title='bbox 222 564 355 609; x_wconf 86' lang='lat' dir='ltr'>potest</span> <span class='ocrx_word' id='word_1_29' title='bbox 403 558 640 608; x_wconf 89' lang='lat' dir='ltr'>opusculum</span> <span class='ocrx_word' id='word_1_30' title='bbox 687 557 773 607; x_wconf 89' lang='lat' dir='ltr'>regi</span> <span class='ocrx_word' id='word_1_31' title='bbox 821 558 977 596; x_wconf 84' lang='lat' dir='ltr'>cuidam</span> <span class='ocrx_word' id='word_1_32' title='bbox 1023 558 1175 596; x_wconf 86' lang='lat' dir='ltr'>Karolo</span> <span class='ocrx_word' id='word_1_33' title='bbox 1225 563 1265 596; x_wconf 90' lang='lat' dir='ltr'>et</span> <span class='ocrx_word' id='word_1_34' title='bbox 1313 557 1541 596; x_wconf 86' lang='lat' dir='ltr'>dedicatum</span> <span class='ocrx_word' id='word_1_35' title='bbox 1582 565 1621 596; x_wconf 86' lang='lat' dir='ltr'>et</span> 
     </span>
     <span class='ocr_line' id='line_1_6' title="bbox 221 621 1619 660; baseline -0.001 0"><span class='ocrx_word' id='word_1_36' title='bbox 221 622 392 660; x_wconf 88' lang='lat' dir='ltr'>missum</span> <span class='ocrx_word' id='word_1_37' title='bbox 422 635 521 660; x_wconf 89' lang='lat' dir='ltr'>esse.</span> <span class='ocrx_word' id='word_1_38' title='bbox 561 622 881 660; x_wconf 89' lang='lat' dir='ltr'>Normannorum</span> <span class='ocrx_word' id='word_1_39' title='bbox 911 621 1159 660; x_wconf 72' lang='lat' dir='ltr'>vastationes</span> <span class='ocrx_word' id='word_1_40' title='bbox 1191 621 1343 659; x_wconf 84' lang='lat' dir='ltr'>Galliae</span> <span class='ocrx_word' id='word_1_41' title='bbox 1372 635 1461 660; x_wconf 93' lang='lat' dir='ltr'>cum</span> <span class='ocrx_word' id='word_1_42' title='bbox 1489 622 1619 660; x_wconf 91' lang='lat' dir='ltr'>medio</span> 
     </span>
     <span class='ocr_line' id='line_1_7' title="bbox 222 685 1621 734; baseline -0.001 -10"><span class='ocrx_word' id='word_1_43' title='bbox 222 686 384 724; x_wconf 87' lang='lat' dir='ltr'>saeculo</span> <span class='ocrx_word' id='word_1_44' title='bbox 415 699 519 723; x_wconf 89' lang='lat' dir='ltr'>nono</span> <span class='ocrx_word' id='word_1_45' title='bbox 548 698 732 734; x_wconf 89' lang='lat' dir='ltr'>annoque</span> <span class='ocrx_word' id='word_1_46' title='bbox 752 686 824 722; x_wconf 85' lang='lat'>911</span> <span class='ocrx_word' id='word_1_47' title='bbox 856 685 1123 723; x_wconf 84' lang='lat' dir='ltr'>terminentur</span> <span class='ocrx_word' id='word_1_48' title='bbox 1150 685 1271 722; x_wconf 87' lang='lat' dir='ltr'>trium</span> <span class='ocrx_word' id='word_1_49' title='bbox 1300 685 1454 723; x_wconf 84' lang='lat' dir='ltr'>Galliae</span> <span class='ocrx_word' id='word_1_50' title='bbox 1481 699 1621 734; x_wconf 89' lang='lat' dir='ltr'>regum</span> 
     </span>
     <span class='ocr_line' id='line_1_8' title="bbox 222 748 1621 798; baseline -0.001 -10"><span class='ocrx_word' id='word_1_51' title='bbox 222 751 324 788; x_wconf 88' lang='lat' dir='ltr'>ratio</span> <span class='ocrx_word' id='word_1_52' title='bbox 345 750 531 787; x_wconf 89' lang='lat' dir='ltr'>habenda</span> <span class='ocrx_word' id='word_1_53' title='bbox 551 755 624 798; x_wconf 62' lang='lat' dir='ltr'>est7</span> <span class='ocrx_word' id='word_1_54' title='bbox 643 748 789 786; x_wconf 87' lang='lat' dir='ltr'>Karoli</span> <span class='ocrx_word' id='word_1_55' title='bbox 810 748 934 797; x_wconf 85' lang='lat' dir='ltr'>Calvi,</span> <span class='ocrx_word' id='word_1_56' title='bbox 955 748 1233 798; x_wconf 85' lang='lat' dir='ltr'>Karlomanni,</span> <span class='ocrx_word' id='word_1_57' title='bbox 1255 749 1398 786; x_wconf 83' lang='lat' dir='ltr'>Karoli</span> <span class='ocrx_word' id='word_1_58' title='bbox 1416 749 1494 788; x_wconf 87' lang='lat' dir='ltr'>III.</span> <span class='ocrx_word' id='word_1_59' title='bbox 1530 750 1621 787; x_wconf 89' lang='lat' dir='ltr'>Non</span> 
     </span>
     <span class='ocr_line' id='line_1_9' title="bbox 223 811 1621 852; baseline -0.001 -1"><span class='ocrx_word' id='word_1_60' title='bbox 223 815 330 852; x_wconf 90' lang='lat' dir='ltr'>enim</span> <span class='ocrx_word' id='word_1_61' title='bbox 358 812 574 851; x_wconf 85' lang='lat' dir='ltr'>verisimile</span> <span class='ocrx_word' id='word_1_62' title='bbox 603 816 665 849; x_wconf 92' lang='lat' dir='ltr'>est</span> <span class='ocrx_word' id='word_1_63' title='bbox 684 816 888 849; x_wconf 83' lang='lat' dir='ltr'>auctorem</span> <span class='ocrx_word' id='word_1_64' title='bbox 916 811 1074 849; x_wconf 84' lang='lat' dir='ltr'>misisse</span> <span class='ocrx_word' id='word_1_65' title='bbox 1103 812 1282 850; x_wconf 90' lang='lat' dir='ltr'>libellum</span> <span class='ocrx_word' id='word_1_66' title='bbox 1302 812 1454 851; x_wconf 83' lang='lat' dir='ltr'>Karolo</span> <span class='ocrx_word' id='word_1_67' title='bbox 1475 813 1621 852; x_wconf 85' lang='lat' dir='ltr'>Crasso</span> 
     </span>
     <span class='ocr_line' id='line_1_10' title="bbox 229 874 1622 927; baseline -0.001 -12"><span class='ocrx_word' id='word_1_68' title='bbox 229 883 369 927; x_wconf 87' lang='lat' dir='ltr'>utpote</span> <span class='ocrx_word' id='word_1_69' title='bbox 397 877 484 924; x_wconf 87' lang='lat' dir='ltr'>regi</span> <span class='ocrx_word' id='word_1_70' title='bbox 512 874 705 912; x_wconf 86' lang='lat' dir='ltr'>Franciae</span> <span class='ocrx_word' id='word_1_71' title='bbox 748 875 966 913; x_wconf 88' lang='lat' dir='ltr'>orientalis.</span> <span class='ocrx_word' id='word_1_72' title='bbox 1025 874 1099 912; x_wconf 84' lang='lat' dir='ltr'>Oui</span> <span class='ocrx_word' id='word_1_73' title='bbox 1129 876 1162 913; x_wconf 91' lang='lat' dir='ltr'>si</span> <span class='ocrx_word' id='word_1_74' title='bbox 1205 875 1385 913; x_wconf 87' lang='lat' dir='ltr'>misisset</span> <span class='ocrx_word' id='word_1_75' title='bbox 1425 890 1514 914; x_wconf 90' lang='lat' dir='ltr'>cum</span> <span class='ocrx_word' id='word_1_76' title='bbox 1552 890 1622 914; x_wconf 76' lang='lat' dir='ltr'>rex</span> 
     </span>
     <span class='ocr_line' id='line_1_11' title="bbox 221 938 1622 990; baseline 0 -12"><span class='ocrx_word' id='word_1_77' title='bbox 221 940 523 989; x_wconf 86' lang='lat' dir='ltr'>Francogalliae</span> <span class='ocrx_word' id='word_1_78' title='bbox 543 942 652 976; x_wconf 86' lang='lat' dir='ltr'>esset</span> <span class='ocrx_word' id='word_1_79' title='bbox 679 938 936 977; x_wconf 89' lang='lat' dir='ltr'>scribendum</span> <span class='ocrx_word' id='word_1_80' title='bbox 957 943 1042 976; x_wconf 92' lang='lat' dir='ltr'>erat</span> <span class='ocrx_word' id='word_1_81' title='bbox 1062 940 1312 989; x_wconf 67' lang='lat' dir='ltr'>,imperalomf‘</span> <span class='ocrx_word' id='word_1_82' title='bbox 1330 952 1411 976; x_wconf 91' lang='lat' dir='ltr'>non</span> <span class='ocrx_word' id='word_1_83' title='bbox 1432 942 1525 990; x_wconf 62' lang='lat' dir='ltr'>,regi</span> <span class='ocrx_word' id='word_1_84' title='bbox 1544 941 1622 989; x_wconf 63' lang='lat'>111⁶,</span> 
     </span>
     <span class='ocr_line' id='line_1_12' title="bbox 220 1002 1623 1053; baseline 0.001 -13"><span class='ocrx_word' id='word_1_85' title='bbox 220 1005 315 1053; x_wconf 87' lang='lat' dir='ltr'>quia</span> <span class='ocrx_word' id='word_1_86' title='bbox 348 1003 526 1040; x_wconf 85' lang='lat' dir='ltr'>Karolus</span> <span class='ocrx_word' id='word_1_87' title='bbox 564 1002 734 1041; x_wconf 85' lang='lat' dir='ltr'>Crassus</span> <span class='ocrx_word' id='word_1_88' title='bbox 777 1003 855 1040; x_wconf 91' lang='lat' dir='ltr'>iam</span> <span class='ocrx_word' id='word_1_89' title='bbox 896 1004 1115 1053; x_wconf 87' lang='lat' dir='ltr'>imperator</span> <span class='ocrx_word' id='word_1_90' title='bbox 1155 1003 1288 1041; x_wconf 85' lang='lat' dir='ltr'>factus</span> <span class='ocrx_word' id='word_1_91' title='bbox 1324 1004 1372 1041; x_wconf 89' lang='lat' dir='ltr'>ab</span> <span class='ocrx_word' id='word_1_92' title='bbox 1407 1017 1510 1042; x_wconf 87' lang='lat' dir='ltr'>anno</span> <span class='ocrx_word' id='word_1_93' title='bbox 1545 1006 1623 1043; x_wconf 80' lang='lat'>884</span> 
     </span>
     <span class='ocr_line' id='line_1_13' title="bbox 227 1066 636 1116; baseline -0.005 -10"><span class='ocrx_word' id='word_1_94' title='bbox 227 1066 382 1106; x_wconf 82' lang='lat' dir='ltr'>Galliae</span> <span class='ocrx_word' id='word_1_95' title='bbox 410 1067 636 1116; x_wconf 84' lang='lat' dir='ltr'>imperavit.</span> 
     </span>
    </p>

    <p class='ocr_par' dir='ltr' id='par_1_3' title="bbox 219 1130 1625 1499">
     <span class='ocr_line' id='line_1_14' title="bbox 328 1130 1623 1177; baseline 0.002 -9"><span class='ocrx_word' id='word_1_96' title='bbox 328 1130 438 1177; x_wconf 80' lang='lat' dir='ltr'>Quae</span> <span class='ocrx_word' id='word_1_97' title='bbox 480 1143 568 1168; x_wconf 89' lang='lat' dir='ltr'>cum</span> <span class='ocrx_word' id='word_1_98' title='bbox 605 1130 659 1167; x_wconf 86' lang='lat' dir='ltr'>ita</span> <span class='ocrx_word' id='word_1_99' title='bbox 694 1130 777 1167; x_wconf 90' lang='lat' dir='ltr'>sint</span> <span class='ocrx_word' id='word_1_100' title='bbox 817 1132 954 1168; x_wconf 88' lang='lat' dir='ltr'>nescio</span> <span class='ocrx_word' id='word_1_101' title='bbox 997 1143 1048 1167; x_wconf 87' lang='lat' dir='ltr'>an</span> <span class='ocrx_word' id='word_1_102' title='bbox 1085 1130 1349 1169; x_wconf 86' lang='lat' dir='ltr'>Duemmler1</span> <span class='ocrx_word' id='word_1_103' title='bbox 1392 1133 1440 1169; x_wconf 91' lang='lat' dir='ltr'>ad</span> <span class='ocrx_word' id='word_1_104' title='bbox 1484 1146 1623 1171; x_wconf 83' lang='lat' dir='ltr'>verum</span> 
     </span>
     <span class='ocr_line' id='line_1_15' title="bbox 219 1187 1625 1246; baseline 0.001 -14"><span class='ocrx_word' id='word_1_105' title='bbox 219 1194 436 1232; x_wconf 89' lang='lat' dir='ltr'>accesserit</span> <span class='ocrx_word' id='word_1_106' title='bbox 474 1193 674 1231; x_wconf 78' lang='lat' dir='ltr'>coniciens</span> <span class='ocrx_word' id='word_1_107' title='bbox 709 1193 845 1232; x_wconf 88' lang='lat' dir='ltr'>littera</span> <span class='ocrx_word' id='word_1_108' title='bbox 878 1193 947 1231; x_wconf 87' lang='lat' dir='ltr'>illa</span> <span class='ocrx_word' id='word_1_109' title='bbox 978 1187 1021 1232; x_wconf 63' lang='lat'>11⁷</span> <span class='ocrx_word' id='word_1_110' title='bbox 1045 1194 1240 1232; x_wconf 83' lang='lat' dir='ltr'>Karolum</span> <span class='ocrx_word' id='word_1_111' title='bbox 1272 1194 1438 1233; x_wconf 88' lang='lat' dir='ltr'>Calvum</span> <span class='ocrx_word' id='word_1_112' title='bbox 1473 1197 1625 1246; x_wconf 84' lang='lat' dir='ltr'>signari</span> 
     </span>
     <span class='ocr_line' id='line_1_16' title="bbox 223 1257 1624 1309; baseline 0.001 -13"><span class='ocrx_word' id='word_1_113' title='bbox 223 1259 460 1309; x_wconf 88' lang='lat' dir='ltr'>praesertim</span> <span class='ocrx_word' id='word_1_114' title='bbox 490 1271 579 1295; x_wconf 90' lang='lat' dir='ltr'>cum</span> <span class='ocrx_word' id='word_1_115' title='bbox 607 1257 719 1295; x_wconf 88' lang='lat' dir='ltr'>illum</span> <span class='ocrx_word' id='word_1_116' title='bbox 747 1257 895 1295; x_wconf 87' lang='lat' dir='ltr'>litteris</span> <span class='ocrx_word' id='word_1_117' title='bbox 925 1258 1024 1295; x_wconf 86' lang='lat' dir='ltr'>satis</span> <span class='ocrx_word' id='word_1_118' title='bbox 1053 1258 1205 1296; x_wconf 82' lang='lat' dir='ltr'>favisse</span> <span class='ocrx_word' id='word_1_119' title='bbox 1233 1258 1339 1296; x_wconf 87' lang='lat' dir='ltr'>inter</span> <span class='ocrx_word' id='word_1_120' title='bbox 1367 1273 1504 1298; x_wconf 84' lang='lat' dir='ltr'>omnes</span> <span class='ocrx_word' id='word_1_121' title='bbox 1533 1274 1624 1299; x_wconf 85' lang='lat' dir='ltr'>con-</span> 
     </span>
     <span class='ocr_line' id='line_1_17' title="bbox 224 1321 1625 1373; baseline 0.002 -14"><span class='ocrx_word' id='word_1_122' title='bbox 224 1328 316 1360; x_wconf 88' lang='lat' dir='ltr'>stet.</span> <span class='ocrx_word' id='word_1_123' title='bbox 355 1322 483 1367; x_wconf 82' lang='lat' dir='ltr'>Quem</span> <span class='ocrx_word' id='word_1_124' title='bbox 513 1335 602 1359; x_wconf 90' lang='lat' dir='ltr'>cum</span> <span class='ocrx_word' id='word_1_125' title='bbox 630 1322 679 1358; x_wconf 87' lang='lat' dir='ltr'>ad</span> <span class='ocrx_word' id='word_1_126' title='bbox 709 1321 867 1371; x_wconf 83' lang='lat' dir='ltr'>imperii</span> <span class='ocrx_word' id='word_1_127' title='bbox 897 1321 1137 1370; x_wconf 87' lang='lat' dir='ltr'>dignitatem</span> <span class='ocrx_word' id='word_1_128' title='bbox 1163 1336 1265 1360; x_wconf 90' lang='lat' dir='ltr'>anno</span> <span class='ocrx_word' id='word_1_129' title='bbox 1285 1323 1362 1360; x_wconf 78' lang='lat'>875</span> <span class='ocrx_word' id='word_1_130' title='bbox 1390 1330 1625 1373; x_wconf 86' lang='lat' dir='ltr'>provectum</span> 
     </span>
     <span class='ocr_line' id='line_1_18' title="bbox 222 1384 1625 1434; baseline 0.002 -11"><span class='ocrx_word' id='word_1_131' title='bbox 222 1399 312 1424; x_wconf 82' lang='lat' dir='ltr'>esse</span> <span class='ocrx_word' id='word_1_132' title='bbox 341 1392 481 1423; x_wconf 90' lang='lat' dir='ltr'>notum</span> <span class='ocrx_word' id='word_1_133' title='bbox 510 1384 574 1434; x_wconf 83' lang='lat' dir='ltr'>sit,</span> <span class='ocrx_word' id='word_1_134' title='bbox 605 1392 744 1423; x_wconf 82' lang='lat' dir='ltr'>auctor</span> <span class='ocrx_word' id='word_1_135' title='bbox 773 1386 951 1424; x_wconf 86' lang='lat' dir='ltr'>libellum</span> <span class='ocrx_word' id='word_1_136' title='bbox 980 1385 1016 1424; x_wconf 91' lang='lat' dir='ltr'>ei</span> <span class='ocrx_word' id='word_1_137' title='bbox 1045 1386 1200 1424; x_wconf 89' lang='lat' dir='ltr'>miserit</span> <span class='ocrx_word' id='word_1_138' title='bbox 1233 1386 1343 1424; x_wconf 88' lang='lat' dir='ltr'>circa</span> <span class='ocrx_word' id='word_1_139' title='bbox 1370 1400 1517 1425; x_wconf 89' lang='lat' dir='ltr'>annum</span> <span class='ocrx_word' id='word_1_140' title='bbox 1545 1389 1625 1426; x_wconf 81' lang='lat'>870</span> 
     </span>
     <span class='ocr_line' id='line_1_19' title="bbox 223 1454 392 1499; baseline 0 -13"><span class='ocrx_word' id='word_1_141' title='bbox 223 1454 392 1499; x_wconf 84' lang='lat' dir='ltr'>oportet.</span> 
     </span>
    </p>

    <p class='ocr_par' dir='ltr' id='par_1_4' title="bbox 223 1513 1629 2589">
     <span class='ocr_line' id='line_1_20' title="bbox 328 1513 1622 1564; baseline 0.001 -13"><span class='ocrx_word' id='word_1_142' title='bbox 328 1513 462 1551; x_wconf 72' lang='lat' dir='ltr'>Verba</span> <span class='ocrx_word' id='word_1_143' title='bbox 489 1514 664 1552; x_wconf 88' lang='lat' dir='ltr'>auctoris</span> <span class='ocrx_word' id='word_1_144' title='bbox 694 1527 788 1558; x_wconf 77' lang='lat' dir='ltr'>,cum</span> <span class='ocrx_word' id='word_1_145' title='bbox 820 1515 946 1551; x_wconf 77' lang='lat' dir='ltr'>crebro</span> <span class='ocrx_word' id='word_1_146' title='bbox 975 1515 1093 1564; x_wconf 75' lang='lat' dir='ltr'>leqens</span> <span class='ocrx_word' id='word_1_147' title='bbox 1122 1516 1214 1553; x_wconf 73' lang='lat' dir='ltr'>alios</span> <span class='ocrx_word' id='word_1_148' title='bbox 1243 1516 1446 1553; x_wconf 77' lang='lat' dir='ltr'>clocuere&#39;m‘</span> <span class='ocrx_word' id='word_1_149' title='bbox 1482 1516 1622 1558; x_wconf 76' lang='lat' dir='ltr'>,studio</span> 
     </span>
     <span class='ocr_line' id='line_1_21' title="bbox 225 1578 1619 1628; baseline 0.001 -14"><span class='ocrx_word' id='word_1_150' title='bbox 225 1579 464 1627; x_wconf 76' lang='lat' dir='ltr'>quorundam</span> <span class='ocrx_word' id='word_1_151' title='bbox 509 1578 673 1627; x_wconf 76' lang='lat' dir='ltr'>fratrum</span> <span class='ocrx_word' id='word_1_152' title='bbox 717 1585 931 1615; x_wconf 76' lang='lat' dir='ltr'>nostrorum</span> <span class='ocrx_word' id='word_1_153' title='bbox 976 1579 1192 1616; x_wconf 71' lang='lat' dir='ltr'>admonitus</span> <span class='ocrx_word' id='word_1_154' title='bbox 1222 1609 1229 1616; x_wconf 92' lang='lat'>.</span> <span class='ocrx_word' id='word_1_155' title='bbox 1261 1609 1268 1615; x_wconf 92' lang='lat'><strong>.</strong></span> <span class='ocrx_word' id='word_1_156' title='bbox 1300 1608 1307 1615; x_wconf 91' lang='lat'><strong>.</strong></span> <span class='ocrx_word' id='word_1_157' title='bbox 1352 1579 1619 1628; x_wconf 75' lang='lat' dir='ltr'>discipulorum</span> 
     </span>
     <span class='ocr_line' id='line_1_22' title="bbox 224 1641 1622 1691; baseline 0.002 -14"><span class='ocrx_word' id='word_1_158' title='bbox 224 1642 422 1678; x_wconf 69' lang='lat' dir='ltr'>mitissima</span> <span class='ocrx_word' id='word_1_159' title='bbox 451 1642 731 1691; x_wconf 75' lang='lat' dir='ltr'>depraecale&#39;one</span> <span class='ocrx_word' id='word_1_160' title='bbox 766 1649 951 1679; x_wconf 75' lang='lat' dir='ltr'>accensus‘</span> <span class='ocrx_word' id='word_1_161' title='bbox 995 1641 1106 1679; x_wconf 85' lang='lat' dir='ltr'>haud</span> <span class='ocrx_word' id='word_1_162' title='bbox 1140 1642 1257 1691; x_wconf 88' lang='lat' dir='ltr'>parvi</span> <span class='ocrx_word' id='word_1_163' title='bbox 1291 1643 1481 1680; x_wconf 90' lang='lat' dir='ltr'>momenti</span> <span class='ocrx_word' id='word_1_164' title='bbox 1516 1647 1622 1680; x_wconf 80' lang='lat' dir='ltr'>sunt.</span> 
     </span>
     <span class='ocr_line' id='line_1_23' title="bbox 223 1705 1622 1755; baseline 0.002 -14"><span class='ocrx_word' id='word_1_165' title='bbox 223 1705 257 1742; x_wconf 89' lang='lat' dir='ltr'>E</span> <span class='ocrx_word' id='word_1_166' title='bbox 289 1705 433 1754; x_wconf 75' lang='lat' dir='ltr'>quibus</span> <span class='ocrx_word' id='word_1_167' title='bbox 469 1718 550 1743; x_wconf 90' lang='lat' dir='ltr'>non</span> <span class='ocrx_word' id='word_1_168' title='bbox 585 1705 713 1742; x_wconf 92' lang='lat' dir='ltr'>solum</span> <span class='ocrx_word' id='word_1_169' title='bbox 755 1705 993 1755; x_wconf 88' lang='lat' dir='ltr'>scriptorem</span> <span class='ocrx_word' id='word_1_170' title='bbox 1034 1718 1114 1742; x_wconf 90' lang='lat' dir='ltr'>non</span> <span class='ocrx_word' id='word_1_171' title='bbox 1151 1706 1238 1743; x_wconf 89' lang='lat' dir='ltr'>sine</span> <span class='ocrx_word' id='word_1_172' title='bbox 1275 1705 1403 1754; x_wconf 86' lang='lat' dir='ltr'>gloria</span> <span class='ocrx_word' id='word_1_173' title='bbox 1437 1707 1622 1755; x_wconf 87' lang='lat' dir='ltr'>magistri</span> 
     </span>
     <span class='ocr_line' id='line_1_24' title="bbox 225 1768 1624 1819; baseline 0 -12"><span class='ocrx_word' id='word_1_174' title='bbox 225 1769 357 1807; x_wconf 81' lang='lat' dir='ltr'>officio</span> <span class='ocrx_word' id='word_1_175' title='bbox 387 1769 569 1808; x_wconf 87' lang='lat' dir='ltr'>functum</span> <span class='ocrx_word' id='word_1_176' title='bbox 596 1782 724 1817; x_wconf 89' lang='lat' dir='ltr'>neque</span> <span class='ocrx_word' id='word_1_177' title='bbox 753 1769 851 1807; x_wconf 88' lang='lat' dir='ltr'>alias</span> <span class='ocrx_word' id='word_1_178' title='bbox 880 1768 1084 1807; x_wconf 88' lang='lat' dir='ltr'>indoctum</span> <span class='ocrx_word' id='word_1_179' title='bbox 1114 1769 1238 1808; x_wconf 86' lang='lat' dir='ltr'>fuisse</span> <span class='ocrx_word' id='word_1_180' title='bbox 1266 1770 1393 1819; x_wconf 88' lang='lat' dir='ltr'>liquet</span> <span class='ocrx_word' id='word_1_181' title='bbox 1413 1769 1484 1807; x_wconf 87' lang='lat' dir='ltr'>sed</span> <span class='ocrx_word' id='word_1_182' title='bbox 1505 1769 1624 1807; x_wconf 87' lang='lat' dir='ltr'>etiam</span> 
     </span>
     <span class='ocr_line' id='line_1_25' title="bbox 225 1832 1623 1883; baseline -0.001 -12"><span class='ocrx_word' id='word_1_183' title='bbox 225 1847 316 1871; x_wconf 87' lang='lat' dir='ltr'>cum</span> <span class='ocrx_word' id='word_1_184' title='bbox 343 1833 502 1871; x_wconf 88' lang='lat' dir='ltr'>libellus</span> <span class='ocrx_word' id='word_1_185' title='bbox 531 1838 571 1871; x_wconf 89' lang='lat' dir='ltr'>et</span> <span class='ocrx_word' id='word_1_186' title='bbox 598 1833 648 1870; x_wconf 89' lang='lat' dir='ltr'>ad</span> <span class='ocrx_word' id='word_1_187' title='bbox 676 1832 859 1871; x_wconf 89' lang='lat' dir='ltr'>homines</span> <span class='ocrx_word' id='word_1_188' title='bbox 888 1833 1157 1883; x_wconf 82' lang='lat' dir='ltr'>geographiae</span> <span class='ocrx_word' id='word_1_189' title='bbox 1185 1833 1390 1872; x_wconf 87' lang='lat' dir='ltr'>studiosos</span> <span class='ocrx_word' id='word_1_190' title='bbox 1420 1834 1623 1872; x_wconf 86' lang='lat' dir='ltr'>delectan-</span> 
     </span>
     <span class='ocr_line' id='line_1_26' title="bbox 224 1896 1625 1949; baseline 0 -15"><span class='ocrx_word' id='word_1_191' title='bbox 224 1897 298 1935; x_wconf 88' lang='lat' dir='ltr'>dos</span> <span class='ocrx_word' id='word_1_192' title='bbox 327 1903 367 1935; x_wconf 90' lang='lat' dir='ltr'>et</span> <span class='ocrx_word' id='word_1_193' title='bbox 394 1897 445 1934; x_wconf 90' lang='lat' dir='ltr'>ad</span> <span class='ocrx_word' id='word_1_194' title='bbox 474 1897 691 1946; x_wconf 89' lang='lat' dir='ltr'>discipulos</span> <span class='ocrx_word' id='word_1_195' title='bbox 727 1896 968 1935; x_wconf 89' lang='lat' dir='ltr'>erudiendos</span> <span class='ocrx_word' id='word_1_196' title='bbox 1004 1897 1178 1949; x_wconf 87' lang='lat' dir='ltr'>scriptus</span> <span class='ocrx_word' id='word_1_197' title='bbox 1215 1897 1280 1946; x_wconf 90' lang='lat' dir='ltr'>sit,</span> <span class='ocrx_word' id='word_1_198' title='bbox 1317 1902 1358 1936; x_wconf 90' lang='lat' dir='ltr'>et</span> <span class='ocrx_word' id='word_1_199' title='bbox 1384 1897 1556 1948; x_wconf 89' lang='lat' dir='ltr'>primum</span> <span class='ocrx_word' id='word_1_200' title='bbox 1584 1897 1625 1934; x_wconf 89' lang='lat' dir='ltr'>in</span> 
     </span>
     <span class='ocr_line' id='line_1_27' title="bbox 224 1960 1624 2012; baseline 0 -14"><span class='ocrx_word' id='word_1_201' title='bbox 224 1960 505 2009; x_wconf 86' lang='lat' dir='ltr'>Francogallia</span> <span class='ocrx_word' id='word_1_202' title='bbox 534 1960 805 2010; x_wconf 88' lang='lat' dir='ltr'>geographiae</span> <span class='ocrx_word' id='word_1_203' title='bbox 835 1960 940 2011; x_wconf 91' lang='lat' dir='ltr'>quod</span> <span class='ocrx_word' id='word_1_204' title='bbox 971 1966 1137 1998; x_wconf 76' lang='lat' dir='ltr'>vocatur</span> <span class='ocrx_word' id='word_1_205' title='bbox 1173 1961 1452 2011; x_wconf 87' lang='lat' dir='ltr'>compendium</span> <span class='ocrx_word' id='word_1_206' title='bbox 1482 1966 1521 2000; x_wconf 92' lang='lat' dir='ltr'>et</span> <span class='ocrx_word' id='word_1_207' title='bbox 1547 1962 1624 2012; x_wconf 89' lang='lat' dir='ltr'>pri-</span> 
     </span>
     <span class='ocr_line' id='line_1_28' title="bbox 224 2024 1626 2075; baseline 0.001 -13"><span class='ocrx_word' id='word_1_208' title='bbox 224 2038 331 2062; x_wconf 86' lang='lat' dir='ltr'>mum</span> <span class='ocrx_word' id='word_1_209' title='bbox 360 2024 488 2063; x_wconf 84' lang='lat' dir='ltr'>fuisse</span> <span class='ocrx_word' id='word_1_210' title='bbox 515 2024 661 2062; x_wconf 89' lang='lat' dir='ltr'>librum</span> <span class='ocrx_word' id='word_1_211' title='bbox 690 2025 890 2074; x_wconf 86' lang='lat' dir='ltr'>suspicari</span> <span class='ocrx_word' id='word_1_212' title='bbox 925 2024 1020 2062; x_wconf 85' lang='lat' dir='ltr'>licet</span> <span class='ocrx_word' id='word_1_213' title='bbox 1049 2037 1097 2062; x_wconf 82' lang='lat' dir='ltr'>ex</span> <span class='ocrx_word' id='word_1_214' title='bbox 1132 2039 1208 2074; x_wconf 87' lang='lat' dir='ltr'>quo</span> <span class='ocrx_word' id='word_1_215' title='bbox 1245 2025 1431 2075; x_wconf 87' lang='lat' dir='ltr'>discipuli</span> <span class='ocrx_word' id='word_1_216' title='bbox 1459 2038 1626 2075; x_wconf 78' lang='lat' dir='ltr'>geogra-</span> 
     </span>
     <span class='ocr_line' id='line_1_29' title="bbox 224 2088 1628 2139; baseline 0.001 -14"><span class='ocrx_word' id='word_1_217' title='bbox 224 2088 360 2139; x_wconf 85' lang='lat' dir='ltr'>phiam</span> <span class='ocrx_word' id='word_1_218' title='bbox 397 2089 650 2126; x_wconf 80' lang='lat' dir='ltr'>docerentur.</span> <span class='ocrx_word' id='word_1_219' title='bbox 706 2088 937 2127; x_wconf 85' lang='lat' dir='ltr'>Verisimile</span> <span class='ocrx_word' id='word_1_220' title='bbox 973 2089 1078 2126; x_wconf 91' lang='lat' dir='ltr'>enim</span> <span class='ocrx_word' id='word_1_221' title='bbox 1114 2094 1176 2127; x_wconf 90' lang='lat' dir='ltr'>est</span> <span class='ocrx_word' id='word_1_222' title='bbox 1211 2103 1301 2127; x_wconf 90' lang='lat' dir='ltr'>cum</span> <span class='ocrx_word' id='word_1_223' title='bbox 1328 2094 1468 2127; x_wconf 86' lang='lat' dir='ltr'>auctor</span> <span class='ocrx_word' id='word_1_224' title='bbox 1495 2103 1518 2127; x_wconf 90' lang='lat' dir='ltr'>a</span> <span class='ocrx_word' id='word_1_225' title='bbox 1545 2103 1628 2127; x_wconf 81' lang='lat' dir='ltr'>mc-</span> 
     </span>
     <span class='ocr_line' id='line_1_30' title="bbox 224 2152 1627 2192; baseline 0.001 -2"><span class='ocrx_word' id='word_1_226' title='bbox 224 2153 364 2191; x_wconf 88' lang='lat' dir='ltr'>nachis</span> <span class='ocrx_word' id='word_1_227' title='bbox 384 2152 426 2190; x_wconf 90' lang='lat' dir='ltr'>in</span> <span class='ocrx_word' id='word_1_228' title='bbox 453 2152 591 2191; x_wconf 89' lang='lat' dir='ltr'>eodem</span> <span class='ocrx_word' id='word_1_229' title='bbox 618 2152 862 2191; x_wconf 86' lang='lat' dir='ltr'>monasterio</span> <span class='ocrx_word' id='word_1_230' title='bbox 891 2153 1150 2191; x_wconf 88' lang='lat' dir='ltr'>versantibus</span> <span class='ocrx_word' id='word_1_231' title='bbox 1169 2157 1216 2192; x_wconf 91' lang='lat' dir='ltr'>ut</span> <span class='ocrx_word' id='word_1_232' title='bbox 1235 2153 1429 2192; x_wconf 88' lang='lat' dir='ltr'>scriberet</span> <span class='ocrx_word' id='word_1_233' title='bbox 1448 2153 1627 2192; x_wconf 90' lang='lat' dir='ltr'>libellum</span> 
     </span>
     <span class='ocr_line' id='line_1_31' title="bbox 226 2215 1628 2265; baseline 0.001 -12"><span class='ocrx_word' id='word_1_234' title='bbox 226 2217 456 2255; x_wconf 85' lang='lat' dir='ltr'>admonitus</span> <span class='ocrx_word' id='word_1_235' title='bbox 486 2216 551 2265; x_wconf 87' lang='lat' dir='ltr'>sit,</span> <span class='ocrx_word' id='word_1_236' title='bbox 581 2229 712 2265; x_wconf 87' lang='lat' dir='ltr'>neque</span> <span class='ocrx_word' id='word_1_237' title='bbox 731 2215 882 2254; x_wconf 90' lang='lat' dir='ltr'>Dicuili</span> <span class='ocrx_word' id='word_1_238' title='bbox 901 2217 1047 2254; x_wconf 87' lang='lat' dir='ltr'>librum</span> <span class='ocrx_word' id='word_1_239' title='bbox 1068 2216 1117 2255; x_wconf 89' lang='lat' dir='ltr'>de</span> <span class='ocrx_word' id='word_1_240' title='bbox 1145 2230 1332 2255; x_wconf 90' lang='lat' dir='ltr'>mensura</span> <span class='ocrx_word' id='word_1_241' title='bbox 1361 2217 1469 2255; x_wconf 88' lang='lat' dir='ltr'>orbis</span> <span class='ocrx_word' id='word_1_242' title='bbox 1497 2223 1628 2256; x_wconf 87' lang='lat' dir='ltr'>terrae</span> 
     </span>
     <span class='ocr_line' id='line_1_32' title="bbox 228 2279 1629 2331; baseline 0.001 -14"><span class='ocrx_word' id='word_1_243' title='bbox 228 2279 494 2329; x_wconf 83' lang='lat' dir='ltr'>compositum</span> <span class='ocrx_word' id='word_1_244' title='bbox 540 2287 637 2319; x_wconf 87' lang='lat' dir='ltr'>tunc</span> <span class='ocrx_word' id='word_1_245' title='bbox 682 2281 876 2331; x_wconf 89' lang='lat' dir='ltr'>temporis</span> <span class='ocrx_word' id='word_1_246' title='bbox 916 2281 958 2318; x_wconf 92' lang='lat' dir='ltr'>in</span> <span class='ocrx_word' id='word_1_247' title='bbox 999 2281 1277 2330; x_wconf 85' lang='lat' dir='ltr'>Francogallia</span> <span class='ocrx_word' id='word_1_248' title='bbox 1319 2286 1459 2319; x_wconf 89' lang='lat' dir='ltr'>notum</span> <span class='ocrx_word' id='word_1_249' title='bbox 1499 2294 1629 2330; x_wconf 87' lang='lat' dir='ltr'>neque</span> 
     </span>
     <span class='ocr_line' id='line_1_33' title="bbox 228 2343 1627 2394; baseline 0.001 -14"><span class='ocrx_word' id='word_1_250' title='bbox 228 2343 353 2380; x_wconf 89' lang='lat' dir='ltr'>ullum</span> <span class='ocrx_word' id='word_1_251' title='bbox 395 2344 502 2381; x_wconf 89' lang='lat' dir='ltr'>aliud</span> <span class='ocrx_word' id='word_1_252' title='bbox 544 2345 587 2382; x_wconf 89' lang='lat' dir='ltr'>id</span> <span class='ocrx_word' id='word_1_253' title='bbox 627 2358 754 2394; x_wconf 88' lang='lat' dir='ltr'>genus</span> <span class='ocrx_word' id='word_1_254' title='bbox 802 2345 1039 2394; x_wconf 88' lang='lat' dir='ltr'>opusculum</span> <span class='ocrx_word' id='word_1_255' title='bbox 1086 2345 1226 2383; x_wconf 85' lang='lat' dir='ltr'>fuisse.</span> <span class='ocrx_word' id='word_1_256' title='bbox 1286 2344 1437 2383; x_wconf 90' lang='lat' dir='ltr'>Dicuili</span> <span class='ocrx_word' id='word_1_257' title='bbox 1482 2345 1627 2382; x_wconf 89' lang='lat' dir='ltr'>librum</span> 
     </span>
     <span class='ocr_line' id='line_1_34' title="bbox 227 2407 1626 2459; baseline 0.002 -16"><span class='ocrx_word' id='word_1_258' title='bbox 227 2412 432 2444; x_wconf 88' lang='lat' dir='ltr'>auctorem</span> <span class='ocrx_word' id='word_1_259' title='bbox 451 2407 492 2444; x_wconf 90' lang='lat' dir='ltr'>in</span> <span class='ocrx_word' id='word_1_260' title='bbox 512 2408 694 2447; x_wconf 89' lang='lat' dir='ltr'>manibus</span> <span class='ocrx_word' id='word_1_261' title='bbox 723 2409 913 2447; x_wconf 89' lang='lat' dir='ltr'>habuisse</span> <span class='ocrx_word' id='word_1_262' title='bbox 941 2409 1020 2446; x_wconf 86' lang='lat' dir='ltr'>iam</span> <span class='ocrx_word' id='word_1_263' title='bbox 1040 2422 1084 2446; x_wconf 92' lang='lat' dir='ltr'>eo</span> <span class='ocrx_word' id='word_1_264' title='bbox 1105 2409 1245 2457; x_wconf 86' lang='lat' dir='ltr'>negari</span> <span class='ocrx_word' id='word_1_265' title='bbox 1273 2414 1418 2459; x_wconf 86' lang='lat' dir='ltr'>potest,</span> <span class='ocrx_word' id='word_1_266' title='bbox 1450 2409 1556 2458; x_wconf 88' lang='lat' dir='ltr'>quod</span> <span class='ocrx_word' id='word_1_267' title='bbox 1577 2422 1626 2447; x_wconf 78' lang='lat' dir='ltr'>ex</span> 
     </span>
     <span class='ocr_line' id='line_1_35' title="bbox 228 2470 1627 2521; baseline 0.002 -14"><span class='ocrx_word' id='word_1_268' title='bbox 228 2483 274 2508; x_wconf 85' lang='lat' dir='ltr'>eo</span> <span class='ocrx_word' id='word_1_269' title='bbox 304 2470 403 2508; x_wconf 88' lang='lat' dir='ltr'>nihil</span> <span class='ocrx_word' id='word_1_270' title='bbox 433 2471 658 2521; x_wconf 86' lang='lat' dir='ltr'>descripsit.</span> <span class='ocrx_word' id='word_1_271' title='bbox 703 2473 810 2511; x_wconf 86' lang='lat' dir='ltr'>Dein</span> <span class='ocrx_word' id='word_1_272' title='bbox 837 2478 883 2511; x_wconf 87' lang='lat' dir='ltr'>ut</span> <span class='ocrx_word' id='word_1_273' title='bbox 918 2473 1210 2512; x_wconf 88' lang='lat' dir='ltr'>communicare</span> <span class='ocrx_word' id='word_1_274' title='bbox 1238 2475 1343 2512; x_wconf 91' lang='lat' dir='ltr'>inter</span> <span class='ocrx_word' id='word_1_275' title='bbox 1372 2486 1415 2512; x_wconf 91' lang='lat' dir='ltr'>se</span> <span class='ocrx_word' id='word_1_276' title='bbox 1444 2473 1627 2512; x_wconf 90' lang='lat' dir='ltr'>solebant</span> 
     </span>
     <span class='ocr_line' id='line_1_36' title="bbox 228 2536 1628 2589; baseline 0.002 -16"><span class='ocrx_word' id='word_1_277' title='bbox 228 2536 509 2586; x_wconf 82' lang='lat' dir='ltr'>Francogallia</span> <span class='ocrx_word' id='word_1_278' title='bbox 537 2544 577 2575; x_wconf 84' lang='lat' dir='ltr'>et</span> <span class='ocrx_word' id='word_1_279' title='bbox 605 2538 819 2577; x_wconf 85' lang='lat' dir='ltr'>Germania</span> <span class='ocrx_word' id='word_1_280' title='bbox 846 2540 910 2578; x_wconf 89' lang='lat' dir='ltr'>his</span> <span class='ocrx_word' id='word_1_281' title='bbox 939 2540 1188 2589; x_wconf 88' lang='lat' dir='ltr'>temporibus</span> <span class='ocrx_word' id='word_1_282' title='bbox 1225 2540 1349 2579; x_wconf 90' lang='lat' dir='ltr'>libros</span> <span class='ocrx_word' id='word_1_283' title='bbox 1386 2539 1437 2577; x_wconf 90' lang='lat' dir='ltr'>ad</span> <span class='ocrx_word' id='word_1_284' title='bbox 1471 2539 1628 2577; x_wconf 83' lang='lat' dir='ltr'>litteras</span> 
     </span>
    </p>
   </div>
   <div class='ocr_carea' id='block_1_3' title="bbox 331 2671 603 2715">
    <p class='ocr_par' dir='ltr' id='par_1_5' title="bbox 331 2671 603 2715">
     <span class='ocr_line' id='line_1_37' title="bbox 331 2671 603 2715; baseline 0 -11"><span class='ocrx_word' id='word_1_285' title='bbox 331 2671 338 2697; x_wconf 90' lang='lat'><em>1</em></span> <span class='ocrx_word' id='word_1_286' title='bbox 365 2672 387 2704; x_wconf 77' lang='lat'>1.</span> <span class='ocrx_word' id='word_1_287' title='bbox 416 2672 437 2705; x_wconf 87' lang='lat'>1.</span> <span class='ocrx_word' id='word_1_288' title='bbox 465 2682 497 2715; x_wconf 87' lang='lat' dir='ltr'>p.</span> <span class='ocrx_word' id='word_1_289' title='bbox 525 2672 603 2704; x_wconf 76' lang='lat'>177.</span> 
     </span>
    </p>
   </div>
   <div class='ocr_carea' id='block_1_4' title="bbox 353 2627 491 2630">
    <p class='ocr_par' dir='ltr' id='par_1_6' title="bbox 353 2627 491 2630">
     <span class='ocr_line' id='line_1_38' title="bbox 353 2627 491 2630; baseline 0 0"><span class='ocrx_word' id='word_1_290' title='bbox 353 2627 491 2630; x_wconf 95' lang='lat' dir='ltr'> </span> 
     </span>
    </p>
   </div>
  </div>
 </body>
</html>
