1916 3254
746 240 1004 277 —23-

171 365 287 391 sacer
314 357 388 401 est,
418 352 517 389 Erix
536 352 696 390 Veneri.
733 350 779 388 In
807 350 991 388 Aethnae
1021 349 1168 387 vertice
1198 348 1331 385 hiatus
1361 346 1438 384 duo
1461 350 1566 394 sunt,

169 422 346 455 crateres
376 417 579 464 nominati,
608 429 679 466 per
706 428 807 464 quos
843 419 1048 452 eructatus
1088 412 1260 462 erumpit
1286 424 1424 461 vapor,
1454 422 1567 460 prae-

170 480 293 518 misso
322 481 434 529 prius
462 480 636 528 fremitu,
667 479 735 528 qui
754 491 827 528 per
846 481 1074 515 aestuantes
1103 489 1364 514 cavernarum
1392 474 1566 512 latebras

169 545 289 592 longo
325 544 481 592 mugitu
518 544 623 581 intra
656 547 786 580 terrae
820 542 977 579 viscera
1012 540 1248 589 divolvitur,
1292 552 1365 577 nec
1401 547 1493 575 ante
1523 551 1566 575 se

169 607 419 645 flammarum
438 607 546 656 globi
566 607 764 655 attollunt,
796 619 914 654 quam
933 605 1101 642 internis
1121 604 1293 654 trepitus
1314 601 1563 640 antecedant.
1614 607 1635 639 5

276 671 502 720 Quicquidl
532 671 665 709 Sicilia
693 671 822 718 gignit
849 670 934 707 sive
964 669 1059 706 solis
1081 669 1164 706 sive
1192 668 1363 706 hominis
1391 667 1563 714 ingenio,

167 736 393 785 proximum
429 739 490 773 est
523 735 605 783 his,
648 747 749 782 quae
791 734 938 782 optima
980 732 1217 769 iudicantur.
1273 731 1351 769 Hic
1393 730 1565 781 primum

168 801 331 837 inventa
366 797 585 846 comoedia,
628 797 693 833 hic
722 800 762 833 et
796 796 994 833 cavillatio
1030 796 1186 832 mimica
1216 796 1256 832 in
1283 807 1403 832 scena
1431 793 1560 841 stetit3

164 867 330 912 gentem
359 861 581 912 Cyclopum
615 863 815 896 testantur
849 859 953 895 vasti
989 871 1144 907 specus.
1204 858 1324 896 Ceres
1360 858 1453 896 inde
1481 871 1561 895 ma-

163 926 291 974 gistra
331 924 497 962 sationis
537 922 799 970 fructuariae;
841 921 906 959 hic
948 921 1085 959 itidem
1126 934 1287 971 campus
1330 922 1561 960 Hennensis
1588 923 1633 957 10

162 1001 322 1039 semper
358 988 397 1024 in
434 985 600 1023 fioribus
630 990 668 1023 et
697 985 803 1023 omni
832 997 980 1022 vernus
1010 985 1085 1023 die.
1143 984 1268 1031 Quem
1303 990 1470 1035 propter
1500 992 1560 1024 est

160 1051 388 1089 demersum
416 1049 606 1099 foramen,
638 1062 715 1097 qua
742 1049 878 1086 Ditem
907 1057 1061 1099 patrem
1089 1048 1139 1086 ad.
1165 1054 1303 1099 raptus
1330 1049 1466 1087 Liberi
1494 1063 1559 1087 ex-

160 1119 323 1154 euntem
350 1114 457 1151 fama
486 1118 548 1152 est
575 1114 662 1151 luce
692 1114 890 1151 haustum.

263 1178 373 1216 Inter
403 1177 584 1215 Catinam
611 1182 650 1216 et
679 1177 887 1215 Siracusas
916 1181 1116 1215 certamen
1145 1180 1207 1215 est
1241 1177 1291 1214 de
1329 1177 1558 1215 inlustrium

156 1242 328 1281 fratrum
356 1243 556 1291 memoria,
585 1255 755 1291 quorum
783 1242 942 1278 nomina
970 1241 1046 1279 sibi
1068 1241 1250 1279 diversae
1276 1246 1413 1291 partes
1434 1242 1556 1292 adop·
1594 1244 1606 1275 1

157 1312 261 1344 tant:
292 1307 335 1344 Si
357 1307 592 1344 Catinenses
622 1305 842 1355 audiamus,
873 1306 1055 1355 Anapius
1084 1305 1161 1344 fuit
1189 1311 1229 1344 et
1246 1306 1553 1356 Amphinomus,

154 1371 190 1409 si
210 1371 317 1419 quod
336 1371 492 1408 malunt
512 1371 732 1420 Siracusae,
754 1370 1009 1407 Emanthiam
1028 1371 1256 1420 putabimus
1277 1375 1317 1408 et
1337 1370 1552 1409 Critonem.

155 1435 383 1474 Catinensis
412 1441 546 1473 tamen
574 1436 684 1484 regio
712 1447 857 1472 nomen
883 1433 994 1472 dedit
1021 1434 1145 1483 facto,
1177 1435 1216 1472 in
1246 1448 1364 1483 quam
1392 1447 1436 1473 se
1465 1449 1553 1473 cum

154 1499 340 1537 incendia
358 1499 541 1537 Aethnae
559 1500 852 1548 prorupissent,
880 1499 1045 1536 iuvenes
1066 1499 1144 1536 duo
1166 1499 1344 1537 sublatos
1365 1505 1552 1550 parentes

151 1568 373 1601 evexerunt
396 1564 511 1604 «inter
543 1562 723 1600 flammas
759 1562 875 1600 inlesi
904 1563 1075 1611 ignibus.
1131 1563 1288 1601 Horum
1322 1566 1551 1603 memoriam
1575 1565 1621 1599 20

152 1627 208 1664 ita
240 1628 455 1676 posteritas
483 1632 691 1665 munerata
719 1631 798 1676 est,
835 1632 879 1664 ut
908 1627 1108 1677 sepulchri
1137 1627 1247 1665 locus
1276 1629 1549 1667 nominaretur

153 1689 330 1740 Campus
359 1690 534 1728 Piorum.

255 1754 316 1792 De
344 1754 548 1792 Arethusa
577 1758 616 1791 et
643 1753 801 1803 Alpheo
831 1766 969 1792 verum
1007 1759 1068 1792 est
1095 1755 1289 1793 hactenus
1320 1756 1425 1804 quod
1456 1769 1548 1794 con-

151 1818 319 1856 veniunt
346 1818 438 1856 fons
467 1823 506 1856 et
542 1819 685 1866 amnis,
728 1817 936 1855 fluminum
978 1819 1167 1857 miracula
1208 1819 1395 1858 habunde
1437 1822 1545 1859 varia

148 1886 264 1919 sunt:
306 1881 477 1919 Dianam
512 1883 580 1930 qui
615 1882 663 1919 ad
696 1881 945 1919 Camerinam
979 1881 1083 1933 fluit,
1121 1885 1154 1921 si
1183 1884 1343 1922 habitus
1379 1885 1547 1935 pudicae
1572 1887 1617 1920 25

148 1944 344 1993 hauserit,
374 1958 453 1983 non
483 1946 646 1983 coibunt
674 1946 713 1983 in
743 1958 886 1995 corpus
915 1959 1039 1984 unum
1067 1947 1174 1985 latex
1203 1948 1343 1986 vineus
1373 1953 1413 1987 et
1440 1949 1547 1988 latex

146 2021 286 2057 aquae.

254 2166 272 2202 1
304 2165 417 2215 Eryx
445 2165 522 2207 soc.
593 2169 615 2205 6
646 2168 720 2205 soii
749 2167 826 2205 soz.
857 2168 913 2219 (H
925 2168 968 2219 s)
1026 2181 1058 2208 ο.
1089 2141 1266 2207 oomgdia
1295 2169 1341 2208 M
1402 2172 1451 2211 10
1479 2172 1544 2210 hic,

143 2242 327 2279 superscr.
384 2230 530 2269 ibidem
558 2231 635 2270 Sol.
670 2232 742 2284 (H)
814 2233 859 2270 11
892 2234 931 2270 in
959 2232 1045 2271 flor.
1075 2246 1233 2284 semper
1262 2234 1339 2273 Sol.
1398 2236 1445 2272 12
1475 2236 1542 2273 Li-

146 2292 264 2330 berae
293 2292 367 2331 Sol.
399 2294 469 2345 (H)
528 2296 574 2334 13
594 2295 723 2334 lucem
752 2296 923 2334 hausum
951 2296 1029 2335 Sol.
1061 2297 1165 2347 (luce
1193 2298 1250 2349 H)
1310 2300 1356 2338 is
1381 2312 1542 2338 causam

144 2355 258 2393 dedit
285 2355 390 2395 facto
410 2357 487 2396 Sol.
559 2360 606 2397 19
635 2362 790 2399 Aetnae
821 2361 1005 2399 incendia
1032 2361 1109 2400 Sol.
1181 2363 1443 2412 protulissent
1462 2363 1538 2402 Sol.

1303 2427 1320 2454 ιι

143 2455 196 2492 24
227 2421 447 2494 &habunde
476 2456 523 2496 M
587 2459 636 2496 25
666 2459 851 2510 inpudice
880 2459 957 2499 Sol.
989 2429 1125 2512 (HS)¹
1174 2462 1223 2500 26
1253 2475 1284 2500 c.
1314 2463 1464 2502 auserit
1493 2463 1540 2501 M

241 2646 250 2672 1
277 2646 347 2681 soi.
375 2647 416 2691 V,
443 2648 591 2683 13-19.
