1916 3254
291 976 335 1010 10

288 1299 332 1331 15

285 1615 332 1649 20

287 1938 332 1971 25

936 288 1196 323 -14-

363 406 403 436 et
421 397 658 435 Minorieam
686 400 936 445 nuncupant.
974 395 1024 432 In
1052 395 1116 433 his
1145 397 1319 445 primum
1346 396 1490 434 insulis
1518 397 1683 434 inventa
1703 400 1765 434 est

361 461 504 509 funda,
545 461 691 508 quibus
719 459 857 497 fundis
884 459 1040 509 lapides
1069 460 1326 509 emittuntur,
1369 460 1477 498 unde
1506 467 1546 498 et
1573 460 1764 498 Baleares

362 524 504 562 dietae.
560 523 650 561 Bali
685 524 790 561 enim
825 535 945 572 grece
982 522 1165 562 emittere
1199 523 1365 573 dieitur,
1401 523 1509 562 unde
1537 529 1578 562 et
1603 524 1763 573 balista,

362 587 478 636 quasi
505 588 646 636 missa3
676 586 771 625 hine
799 591 840 624 et
866 585 1133 625 fundibalum.

468 650 648 689 Siculum
676 663 699 688 a
719 649 869 700 Sicilia,
900 649 1066 688 Sicilial
1095 664 1118 688 a
1138 650 1284 688 Sicano
1312 663 1409 699 rege
1429 650 1591 688 Sicania
1619 663 1764 700 cogno-

360 714 511 752 minata
540 719 612 753 est.

464 778 624 817 Deinde
651 791 675 816 a
703 778 839 817 Siculo
868 777 961 816 Itali
987 777 1113 816 fratre
1143 777 1299 827 Sieilia3
1329 778 1442 828 prius
1472 782 1606 816 autem
1625 778 1764 816 Trina-

361 841 443 880 cria
471 842 577 880 diota
605 847 772 892 propter
799 842 878 880 tria
905 855 1016 892 acra,
1054 842 1096 880 id
1127 847 1189 880 est
1216 842 1532 892 promuncturia,
1563 842 1762 889 Pelorum,

360 906 584 944 Paohinum
613 911 653 944 et
680 905 892 945 Lilibeum.

466 969 675 1008 Trinacria
704 971 810 1008 enim
841 984 1005 1019 grecum
1034 974 1114 1021 est,
1143 964 1251 1019 quod
1279 970 1402 1008 latine
1430 969 1641 1018 triquadra
1669 967 1765 1006 dici-

360 1039 443 1083 tur,
488 1033 603 1082 quasi
637 1035 678 1072 in
708 1039 791 1072 tres
830 1034 1005 1082 quadras
1044 1034 1188 1073 divisa.
1245 1034 1358 1072 Haeo
1391 1034 1440 1071 ab
1470 1033 1586 1071 ltalia
1620 1032 1765 1080 exiguo

359 1097 466 1135 fretu
502 1098 695 1148 discreta,
737 1097 921 1135 Africum
949 1111 1059 1136 mare
1087 1102 1370 1148 prospectans,
1407 1097 1528 1135 terris
1556 1096 1765 1145 frugifera,

360 1175 456 1200 auro
504 1162 765 1210 habundans3
809 1162 994 1200 cavernis
1038 1167 1173 1200 tamen
1218 1168 1257 1200 et
1301 1161 1450 1199 fistulis
1491 1160 1764 1211 penetrabilis,

358 1225 573 1274 ventisque
603 1230 643 1263 et
671 1226 864 1276 sulphure
892 1226 1028 1276 plena;
1065 1226 1173 1263 unde
1203 1230 1242 1263 et
1267 1225 1324 1262 ibi
1353 1225 1539 1263 Aethnae
1566 1224 1767 1262 vomentis

360 1295 498 1328 extant
526 1290 729 1335 incendia;
760 1290 801 1327 in
831 1290 945 1327 ouius
975 1290 1080 1327 fretu
1100 1289 1238 1338 Scylla
1259 1293 1299 1326 et
1321 1287 1508 1326 caribdis
1529 1287 1675 1336 quibus
1696 1300 1766 1324 na-

357 1354 467 1403 vigia
496 1358 566 1391 aut
594 1354 867 1391 absorbunt-ur
895 1358 964 1391 aut
993 1353 1251 1391 colliduntur.

464 1417 666 1455 Creticum
686 1431 709 1454 a
730 1416 890 1466 Creta‚2
919 1417 1013 1465 quia
1032 1429 1125 1467 pars
1147 1415 1310 1454 Gretiae
1331 1419 1405 1453 est.
1450 1415 1564 1453 Haec
1592 1414 1765 1466 primum

357 1495 380 1519 a
399 1482 593 1532 temperie
625 1481 700 1533 celi
718 1481 934 1519 Maccaron
953 1480 1114 1519 Nesson
1144 1480 1346 1530 appellata
1366 1485 1446 1530 est3
1476 1479 1622 1517 deinde
1644 1477 1764 1517 Creta

357 1545 465 1584 dieta
494 1559 517 1583 a
547 1545 666 1584 Crete
699 1558 795 1594 rege
834 1545 1036 1594 quondam
1071 1544 1279 1594 indigena,
1325 1557 1443 1593 quem
1472 1543 1603 1592 aiunt,
1640 1557 1764 1581 unum

358 1609 597 1648 Curetarum
629 1609 777 1659 fuisse,
821 1623 845 1647 a
874 1610 1020 1658 quibus
1055 1609 1211 1659 Iupiter
1249 1608 1305 1646 ibi
1342 1607 1605 1646 absconditus
1634 1612 1697 1645 est
1725 1614 1766 1645 et

358 1673 571 1712 enutritus.
627 1673 706 1711 Est
743 1678 879 1711 autem
917 1673 1050 1711 insula
1080 1672 1244 1711 Gretiae
1273 1673 1316 1710 in
1345 1677 1477 1711 ortum
1505 1676 1546 1709 et
1574 1683 1760 1709 occasum

356 1738 594 1787 longissimo
623 1742 757 1775 tractu
786 1742 989 1788 porrecta;
1021 1750 1043 1774 a
1072 1736 1348 1786 septentrione
1378 1735 1542 1774 Gretiae
1571 1735 1762 1784 aestibus,

357 1803 406 1840 ab
437 1808 574 1840 austro
604 1801 822 1852 Aegyptiis
851 1800 972 1838 undis
1001 1799 1178 1850 perfusa.

466 1866 661 1916 Cyprium
690 1879 713 1904 a
734 1865 884 1916 Cypro3
908 1866 923 1891 3
952 1877 1054 1913 quae
1082 1864 1217 1902 insula
1245 1877 1269 1901 a
1297 1863 1462 1902 civitate
1482 1863 1631 1913 Cypro,
1661 1875 1764 1912 quae

358 1930 399 1967 in
429 1943 475 1968 ea
503 1936 576 1979 est,
614 1942 760 1968 nomen
797 1928 963 1979 accepit.
1019 1929 1113 1978 Ipsa
1147 1932 1210 1965 est
1239 1932 1279 1965 et
1306 1926 1456 1976 Pafon,
1494 1927 1645 1966 Veneri
1674 1940 1766 1965 con-

359 2000 533 2043 secrata,
567 1993 700 2032 vicina
733 1999 890 2041 austro,
919 1992 1073 2030 famosa
1102 1991 1306 2040 quondam
1333 1991 1488 2029 divitiis
1521 1998 1561 2029 et
1592 1991 1764 2029 maxime

359 2072 475 2098 aerls.

466 2182 485 2218 1
517 2180 558 2218 in
586 2181 637 2218 iis
658 2180 750 2218 Isicl.
807 2181 830 2216 2
860 2179 985 2217 funda
1014 2192 1092 2227 qua
1121 2178 1276 2228 lapides
1298 2177 1388 2216 Ise'd.
1446 2190 1477 2216 e.
1509 2178 1765 2215 etmittuntur

359 2288 375 2317 t
395 2293 488 2318 eras.
544 2280 568 2317 3
587 2280 774 2330 βαλλειν
804 2279 910 2317 enim
931 2278 1022 2316 Isid.
1080 2278 1102 2315 7
1124 2291 1155 2316 c.
1186 2251 1355 2316 tinacria
1376 2277 1424 2315 M
1433 2279 1440 2304 ¹
1498 2278 1548 2315 10
1567 2277 1765 2326 triquetra

360 2346 407 2383 al.
437 2344 646 2393 triquadra
674 2343 765 2382 Isid.
826 2344 873 2380 12
900 2342 1006 2381 freto
1036 2343 1127 2381 [sid.
1187 2343 1235 2379 14
1263 2343 1411 2380 montis
1443 2342 1532 2380 lsid.
1591 2342 1639 2380 15
1658 2341 1763 2380 freto

360 2408 450 2446 [sid.
526 2409 573 2446 1ss
602 2407 872 2445 absorbentur
900 2406 992 2445 Isicl.
1066 2407 1112 2444 17
1143 2419 1174 2445 o.
1210 2406 1317 2458 [quia
1346 2419 1439 2456 pars
1469 2405 1658 2444 Graetiae
1686 2405 1762 2458 est]

361 2473 408 2510 19
429 2486 452 2510 a
472 2472 592 2510 Crete
621 2471 793 2520 quodam
823 2471 903 2509 ind.
934 2471 1024 2509 Isia.
1080 2472 1131 2509 20
1152 2470 1363 2509 Cretarum
1383 2472 1429 2508 ul.
1452 2470 1644 2509 Curetum
1673 2470 1764 2508 Jsid.

359 2537 406 2574 21
438 2537 544 2575 inter
573 2542 705 2575 ortum
734 2535 826 2574 Isia.
883 2536 934 2572 23
963 2548 995 2573 c.
1025 2535 1133 2572 unda
1163 2535 1197 2573 is
1228 2548 1325 2573 corr.
1357 2534 1413 2574 M.

462 2707 468 2731 ¹
495 2718 542 2740 ex
559 2705 646 2740 Isid.
666 2707 783 2751 origg.
805 2706 899 2749 xlv,
918 2707 952 2744 6,
971 2706 1026 2739 32.
1061 2705 1077 2731 2
1103 2706 1152 2740 ib.
1172 2705 1270 2748 XIV,
1289 2705 1322 2748 6,
1342 2707 1395 2739 15.
1433 2705 1448 2731 3
1472 2706 1521 2739 ib.
1542 2705 1638 2746 xlv,
1656 2705 1677 2737 6
1708 2704 1762 2738 14.
