1916 3254
302 988 346 1020 1⁴)

304 1309 345 1339 15

299 1631 347 1666 ‘20

301 1951 346 1985 25

946 298 1209 334 —42-

375 409 529 447 ambitu
570 409 775 457 incurvat,
818 415 909 457 post
946 421 989 446 se
1022 407 1177 457 ingenti
1211 408 1344 448 fronte
1382 410 1433 447 ad
1466 410 1776 460 Hellespontum

373 473 521 510 fretum
550 472 745 520 extendit,
775 472 823 508 ab
853 484 899 510 eo
928 472 1075 509 iterum
1103 472 1265 521 obliqua
1300 473 1351 510 ad
1379 473 1595 512 Bosforum
1629 475 1775 513 iterum

372 538 595 585 iterumque
615 536 665 574 ad
685 535 896 574 Ponticum
923 536 1030 574 latus
1059 550 1181 575 curva
1210 536 1364 574 aditum
1383 536 1584 574 Meotidos
1605 537 1774 577 adverso

373 600 553 648 margine
596 600 780 648 attingit,
826 600 913 650 ipsa
950 601 1100 649 gremio
1137 601 1188 639 ad
1218 601 1373 638 Tanain
1411 614 1540 650 usque
1570 602 1775 652 complexa

374 664 418 702 fit
448 666 535 714 ripa
564 678 642 712 qua
672 664 820 702 Tanais
850 670 923 706 est.
978 665 1026 702 In
1057 678 1103 703 ea
1131 666 1280 715 primos
1310 665 1515 702 hominum
1544 665 1592 702 ab
1623 665 1775 703 oriente

373 728 608 778 accipimus,
646 728 773 766 Indos
803 734 842 766 et
871 728 992 767 Seras
1027 734 1066 767 et
1096 728 1268 766 Scithas.
1326 728 1445 766 Seres
1482 728 1615 766 media
1649 729 1774 767 ferme

372 792 482 830 ane
512 792 638 842 partis
667 791 860 841 incolunt,
891 792 980 830 Indi
1008 793 1165 841 ultima3
1197 793 1311 830 ambo
1341 793 1418 830 late
1438 797 1623 842 patentes
1644 805 1773 841 neque

372 855 413 893 in
434 856 510 893 hoc
529 861 687 894 tantum
706 856 874 906 pelagus
904 855 1040 905 effusi;
1072 862 1258 906 spectant
1287 857 1392 894 enim
1421 857 1540 894 etiam
1568 856 1777 895 meridiem

373 919 479 968 Indi,
516 933 706 968 oramque
734 920 863 958 Indici
890 921 1026 970 maris,
1062 921 1142 958 nisi
1172 921 1279 969 quod
1308 929 1445 959 aestus
1474 920 1776 959 inhabitabilem

373 983 574 1032 efficiunt,
625 984 694 1032 diu
736 985 938 1023 continuis
981 984 1171 1033 gentibus
1215 984 1428 1022 occultant.
1500 984 1693 1034 Spectant
1737 993 1776 1022 et

372 1049 687 1098 septentrionem
708 1049 846 1094 Soithq
866 1062 912 1087 ac
939 1049 1035 1086 litus
1066 1048 1288 1087 Scithicum
1316 1049 1394 1086 nisi
1423 1048 1529 1086 unde
1558 1048 1777 1098 frigoribus

373 1119 561 1150 arcentur
590 1126 717 1161 usque
746 1113 798 1150 ad
820 1113 1008 1164 Caspium
1040 1115 1173 1151 sinum
1202 1113 1426 1163 possident.
1465 1113 1575 1151 Indis
1596 1114 1775 1164 proxima

373 1184 435 1215 est
463 1177 677 1226 Ariahtne,
716 1177 860 1216 deinde
889 1178 987 1215 Aria
1018 1184 1058 1215 et
1089 1177 1278 1215 Cedrosis
1314 1183 1353 1215 et
1381 1177 1520 1216 Persis
1555 1178 1605 1215 ad
1643 1179 1777 1216 sinum

372 1241 592 1279 Persicum.
649 1242 769 1279 Hunc
804 1241 941 1291 populi
976 1241 1193 1279 Persarum
1228 1242 1426 1291 ambiunt,
1466 1242 1578 1279 illum
1606 1242 1776 1280 alterum

371 1305 540 1343 Arabes.
597 1306 661 1342 Ab
697 1305 760 1343 his
796 1305 903 1353 quod
938 1306 978 1342 in
1015 1305 1194 1343 Africam
1227 1310 1374 1353 restat,
1417 1305 1662 1356 Aethiopum
1701 1316 1773 1344 est.

371 1369 462 1406 Illic
506 1368 695 1419 Caspiani
739 1369 868 1407 Scithi
912 1370 1137 1421 proximum
1180 1370 1314 1407 sinum
1358 1369 1551 1419 Caspium
1595 1370 1774 1419 cingunt.

371 1432 488 1470 Ultra
517 1434 744 1470 Amazonas
779 1433 965 1481 ultraque
1001 1447 1069 1471 eas
1097 1433 1326 1483 Yperborei
1369 1446 1459 1471 esse
1494 1440 1777 1472 memorantur.

372 1497 567 1535 Interiora
603 1503 800 1534 terrarum
836 1496 962 1547 multe
997 1498 1213 1546 variaeque
1254 1502 1397 1546 gentes
1440 1497 1641 1546 habitant,
1685 1511 1778 1548 quas

373 1574 581 1600 memorare
611 1564 729 1612 magis
756 1563 977 1612 perlonqum
1006 1576 1116 1612 quam
1147 1564 1382 1612 fructuosum
1415 1563 1607 1601 diminuis.

478 1626 641 1676 Europa
668 1627 675 1652 1
713 1627 834 1664 etiam
868 1626 990 1664 habet
1018 1627 1066 1664 ab
1098 1627 1251 1664 oriente
1281 1626 1437 1664 Tanain
1466 1633 1504 1665 et
1532 1626 1709 1664 Meotida
1740 1633 1778 1664 et

372 1690 565 1739 Pontum,
605 1703 628 1728 a
656 1690 823 1728 meridie
852 1690 1005 1739 reliqua
1036 1690 1175 1728 Nostri
1204 1691 1345 1739 maris,
1382 1691 1431 1728 ab
1467 1690 1675 1728 occidente
1704 1691 1777 1728 At-

372 1754 583 1803 lanticum,
621 1754 899 1804 septentrione
935 1754 1205 1793 Brittanicum
1241 1768 1434 1793 oceanum
1469 1769 1530 1792 sen
1560 1754 1776 1793 scithicum.

374 1817 452 1856 Ora
483 1819 569 1857 eius
598 1818 725 1856 forma
754 1819 918 1857 litorum
947 1833 969 1856 a
999 1818 1126 1856 Tanai
1155 1819 1205 1856 ad
1227 1819 1539 1869 Hellespontum
1569 1818 1661 1867 quia
1691 1819 1777 1869 ripa

373 1888 435 1922 est
465 1883 564 1921 dicti
598 1884 744 1932 amnis,
781 1884 874 1932 quia
908 1883 1056 1922 flexum
1089 1884 1251 1934 paludis
1286 1883 1337 1921 ad
1366 1883 1580 1922 Ponticum
1617 1883 1775 1932 redigit,

373 1948 466 1996 quia
486 1947 727 1998 Propontidi
756 1953 795 1985 et
814 1948 1078 1998 Hellesponto
1109 1948 1233 1986 latere
1262 1948 1419 1985 adiacet
1448 1947 1660 1986 contrariis
1689 1947 1778 1985 lito-

372 2012 484 2049 ribus
513 2012 637 2050 Asiae
665 2025 745 2049 non
781 2011 967 2061 obposita
1002 2012 1118 2050 modo
1150 2025 1290 2050 verum
1321 2018 1359 2050 et
1388 2011 1518 2050 simile
1547 2017 1620 2050 est.
1676 2012 1777 2049 Inde

481 2131 500 2166 1
531 2129 880 2179 Hellesponticum
900 2129 986 2167 Mel.
1042 2129 1065 2165 3
1087 2133 1318 2166 transverso
1350 2127 1437 2166 Mel.
1493 2129 1519 2165 4
1538 2141 1569 2166 c.
1601 2129 1776 2177 attingit.

374 2195 460 2245 ipsa
528 2193 658 2244 ipsam
685 2194 772 2233 Mel.
805 2194 875 2245 (A)
946 2195 968 2230 ἶ)
999 2206 1029 2231 c.
1059 2194 1161 2243 ripa.
1191 2206 1268 2242 qua
1337 2192 1360 2229 6
1390 2206 1421 2231 c.
1453 2193 1646 2240 schithas,
1678 2206 1776 2230 sorr.

373 2259 524 2297 scithas
578 2259 602 2296 9
621 2258 701 2296 nisi
720 2257 851 2307 quoad
874 2257 959 2295 Mel.
1020 2258 1068 2296 10
1088 2263 1286 2307 occupant
1307 2257 1395 2295 Mel.
1448 2258 1494 2294 13
1516 2256 1666 2295 Ariane
1688 2256 1776 2295 Mel.

373 2323 572 2368 (ariathne
601 2323 652 2371 B)
738 2324 785 2360 16
815 2322 978 2372 Scythis
1009 2323 1080 2373 (A)
1110 2322 1281 2372 proximi
1311 2321 1399 2359 illel.
1476 2321 1522 2358 17
1551 2322 1777 2359 Amazones

373 2388 462 2426 Mel.
545 2388 596 2425 20
623 2387 786 2437 Europa
823 2388 1015 2425 terminos
1051 2386 1173 2424 habet
1203 2385 1291 2424 Jlel.
1367 2386 1416 2422 22
1447 2398 1518 2424 seu
1555 2385 1778 2423 Scithicum

371 2454 467 2490 deest
498 2451 585 2490 Mel.
642 2464 665 2489 a
693 2451 967 2501 septentrione
998 2449 1086 2488 Mel.
1118 2449 1187 2500 (A)
1262 2451 1311 2487 ‘23
1341 2463 1442 2498 qua.
1460 2480 1467 2487 .
1487 2463 1565 2498 qua
1595 2449 1683 2489 Mel.
1707 2451 1776 2499 (A)

372 2519 421 2554 ‘25
451 2529 529 2565 qua
559 2515 646 2554 Mel.
684 2514 791 2565 (BC)
893 2508 932 2552 c.
972 2513 1155 2567 [adiacet]
1293 2514 1343 2552 26
1373 2515 1558 2564 opposita
1588 2513 1675 2552 Mel.
1707 2513 1777 2563 (Β)

371 2581 515 2619 similis
544 2585 607 2618 est
636 2579 714 2618 Mel

472 2717 479 2742 ι
508 2715 585 2750 Mel.
614 2715 639 2758 Ι,
665 2715 813 2749 15—24.
