1916 3254
752 269 1010 305 —61—

179 380 380 431 pentibus,
410 379 587 418 stridunt
614 379 749 430 potius
779 392 896 428 quam
924 379 1119 416 locuntur.
1162 378 1425 416 Garamantes
1454 377 1574 426 vulgo

178 443 342 482 feminis
371 444 458 482 sine
487 444 739 482 matrimonio
770 443 991 490 sociantur;
1021 442 1216 492 Authgile
1245 441 1395 480 inferos
1424 441 1573 489 colunt,

180 509 495 559 Iampasamptes
522 508 620 546 nudi
640 513 679 546 et
698 507 866 546 inbeHes
898 507 1073 546 externis
1102 519 1318 556 numquam
1345 506 1575 543 miscentur.

181 573 400 611 Blemmiae
430 573 517 610 sine
547 572 676 623 capite
704 576 810 622 sunt,
843 585 887 610 os
916 575 956 609 et
985 571 1120 609 oculos
1149 570 1188 608 in
1228 575 1390 621 pectore
1418 574 1574 620 gerunt.

182 636 319 687 Satyri
353 637 559 674 hominum
592 635 691 673 nihil
725 636 874 674 habent
908 635 987 673 nisi
1030 634 1184 673 faciem.
1239 634 1576 684 Himantopodies
1625 645 1644 677 5

183 700 388 738 debilitate
425 701 570 750 pedum
606 705 773 750 serpunt
813 699 950 749 potius
993 712 1110 748 quam
1151 699 1353 738 incedunt.
1410 698 1578 736 Farussi

183 765 347 802 comites
375 764 563 802 Herculis
591 763 767 801 fuerunt.

286 827 448 877 Lybia1
477 827 583 865 dicta
611 826 716 875 quod
745 827 838 864 inde
858 826 970 875 Lybs
990 825 1071 875 fiat,
1101 827 1177 864 hoc
1205 831 1267 864 est
1285 826 1460 864 Africus.
1494 826 1578 864 Alii

182 892 306 941 aiunt,
335 891 546 942 Epaphum
567 890 677 928 Iovis
697 889 833 938 filium,
864 890 932 938 qui
951 890 1170 939 Memphim
1198 889 1240 926 in
1268 891 1456 939 Aegypto
1486 902 1577 927 con-

184 955 303 1004 didit,
348 968 396 993 ex
432 954 616 992 Cassiota
652 966 776 991 uxore
810 965 1045 1002 procreasse
1079 952 1202 990 filiam
1242 953 1432 1003 Lybiam,
1476 967 1576 1002 quae
1602 963 1647 996 10

183 1023 324 1068 postea
350 1018 390 1055 in
419 1017 560 1055 Africa
587 1030 757 1065 regnum
784 1016 978 1066 possedit.
1037 1016 1160 1055 Cuius
1190 1030 1238 1054 ex
1274 1017 1434 1055 nomine
1471 1024 1578 1055 terra

183 1081 313 1132 Lybia
341 1086 403 1120 est
431 1081 642 1131 appellata.
679 1080 859 1118 Africam
889 1085 1022 1118 autem
1050 1079 1294 1118 nominatam
1313 1080 1475 1130 quidam
1498 1081 1578 1119 exi-

183 1146 365 1194 stimant,
405 1145 520 1194 quasi
549 1145 742 1194 apricam,
779 1145 886 1193 quod
925 1145 978 1182 sit
1006 1150 1143 1194 aperta
1181 1145 1288 1183 caelo
1325 1145 1391 1183 vel
1428 1144 1503 1183 soli
1539 1150 1578 1183 et

184 1209 273 1247 sine
300 1209 465 1247 horrore
493 1209 667 1258 frigoris.
715 1209 797 1246 Alii
827 1208 966 1247 dicunt
993 1208 1173 1246 Africam
1201 1209 1393 1259 appellari
1421 1210 1468 1247 ab
1498 1222 1576 1247 uno

184 1286 233 1311 ex
259 1272 433 1323 posteris
461 1273 625 1311 Abrahe
653 1273 702 1310 de
731 1272 919 1321 Cethura,
948 1272 1016 1321 qui
1044 1278 1210 1311 vocatus
1241 1278 1302 1311 est
1328 1272 1439 1312 Afer.
1473 1273 1577 1311 Inci-
1603 1285 1646 1318 15

183 1338 243 1388 pit
262 1343 394 1376 autem
413 1351 437 1375 a
455 1337 533 1375 fine
552 1337 731 1388 Aegypti
757 1350 930 1387 pergens
953 1338 1064 1375 iuxta
1084 1337 1289 1376 meridiem
1308 1351 1380 1388 per
1398 1339 1578 1388 Aethyo-

182 1401 289 1451 piam
309 1414 436 1450 usque
455 1401 699 1439 Adhlantem
727 1407 914 1439 montem.
949 1402 987 1439 A
1016 1403 1321 1452 septentrionali
1348 1416 1443 1441 vero
1464 1408 1578 1453 parte

182 1466 473 1504 mediterraneo
503 1467 602 1503 mari
630 1466 842 1504 coniuncta
871 1466 1071 1504 clauditur
1099 1472 1139 1505 et
1167 1467 1208 1504 in
1239 1467 1436 1505 Gaditano
1475 1467 1578 1506 freto

181 1529 338 1579 finitur,
380 1530 533 1568 habens
568 1530 797 1580 provincias
825 1530 1013 1580 Lybiam,
1051 1530 1276 1581 Cirensem,
1313 1531 1576 1581 Pentapolim,

182 1593 389 1644 Tripolim,
419 1595 666 1642 Bizancium,
704 1593 970 1644 Cartaginem,
1009 1594 1258 1643 Numidiam,
1294 1595 1579 1633 Mauritaniam
1603 1606 1648 1639 20

184 1658 496 1707 Caesariensem,
526 1658 810 1696 Mauritaniam
839 1659 1095 1708 Tingitanam
1123 1664 1162 1698 et
1191 1661 1296 1697 circa
1331 1660 1427 1697 solis
1463 1660 1577 1698 ardo-

183 1735 266 1760 rem
294 1723 564 1772 Aethiopiam.
605 1722 680 1761 Sed
700 1722 851 1761 Solinus
879 1725 1043 1762 nominis
1072 1725 1148 1762 eius
1177 1737 1308 1762 causas
1334 1738 1451 1775 paene
1471 1726 1579 1763 aliter

178 1787 352 1836 pandens
395 1786 487 1826 ai!.2
540 1786 602 1825 De
636 1786 837 1837 Hispania
879 1793 940 1826 est
979 1801 1121 1826 cursus
1159 1788 1200 1826 in
1238 1788 1419 1838 Lybiam.
1475 1789 1578 1827 Nam

291 1933 310 1968 1
342 1931 598 1980 striduntque
641 1932 762 1971 Mart.
871 1934 894 1970 2
923 1933 1096 1983 Augilae
1137 1934 1258 1973 Mart.
1304 1935 1428 1985 (aut-g.
1470 1935 1576 1985 BR)

182 1996 207 2032 3
238 1995 524 2045 Campasantes
554 1995 671 2034 Illart.
753 1997 779 2033 4
805 1996 1037 2047 Blemmyae
1066 1998 1185 2037 llIart.
1255 2005 1374 2050 atque
1394 2013 1438 2038 os
1459 1999 1578 2038 Marl.

183 2062 206 2097 ἴ)
226 2060 545 2110 Himantopodes
565 2060 684 2099 Illam.
715 2062 785 2110 (eoe
805 2061 927 2112 Ple'n.)
983 2063 1006 2100 6
1026 2062 1199 2101 Pharusi
1219 2063 1339 2102 Mart.
1369 2064 1459 2115 (far.
1479 2064 1576 2115 BR)

183 2131 206 2163 ὅ
235 2123 328 2162 inde
357 2137 439 2162 cum
467 2124 557 2162 Ise'cl.
588 2127 720 2175 (supra
743 2138 783 2175 p.
815 2127 842 2163 5
871 2126 913 2163 in
943 2129 1004 2175 ea)
1079 2128 1129 2164 10
1158 2126 1353 2178 Cassiopa
1381 2128 1471 2166 Isid.
1503 2130 1577 2179 (su-

177 2200 253 2238 pra
274 2190 306 2238 t)
364 2189 411 2225 12
431 2188 593 2237 quidam
621 2189 714 2227 inde
744 2189 834 2228 Isid.
867 2192 999 2240 (supra
1020 2191 1178 2242 exinde)
1237 2192 1285 2229 15
1305 2205 1421 2242 supra
1449 2193 1577 2230 Abra-

182 2251 258 2290 hae
286 2252 334 2290 do
365 2251 565 2291 Caethura
645 2266 676 2292 o.
707 2254 902 2304 cetthura,
934 2268 1030 2293 corr.
1062 2255 1227 2294 cethura
1300 2256 1349 2292 16
1377 2269 1401 2293 a
1427 2256 1576 2295 finibus

186 2315 275 2354 [sid.
334 2316 381 2353 17
410 2329 538 2365 usque
567 2317 616 2354 ad
644 2318 848 2356 Atlantem
867 2319 958 2357 Isid.
1015 2320 1063 2357 19
1105 2320 1276 2369 Libyam
1306 2319 1577 2370 Cyrenensem

185 2409 192 2417 .
226 2411 235 2420 .
262 2379 483 2431 Byzacium
511 2380 603 2419 Isid.
685 2382 736 2421 20
765 2395 796 2420 0.
831 2382 990 2421 maurit.
1018 2383 1257 2433 tingitanam
1287 2384 1578 2423 caesariensem

184 2456 308 2481 maur.
343 2443 476 2493 tingit.
509 2446 619 2494 prius
646 2445 886 2495 tingitanam
921 2449 986 2486 del.
1068 2449 1117 2487 23
1146 2448 1345 2498 Hispania
1384 2462 1576 2488 excursus

185 2506 262 2545 soz.
294 2507 343 2558 (L
353 2507 401 2558 P)

280 2666 289 2690 ¹
317 2677 360 2698 ex
388 2665 472 2701 Isid.
500 2667 594 2710 XlV,
629 2668 660 2711 5Ἶ
687 2668 788 2702 1-2,
816 2669 860 2703 cf.
886 2679 994 2713 supra
1019 2680 1051 2713 p.
1078 2672 1112 2704 5.
1159 2668 1176 2695 2
1201 2670 1330 2714 XXlV,
1357 2672 1459 2705 1-2.
