1916 3254
769 283 1029 320 -69—

200 402 320 434 creta.
363 393 442 440 Qui
469 393 618 432 fluvius
648 393 775 431 oritur
803 392 852 430 de
879 392 990 431 fonte
1018 391 1208 429 Paniade.
1258 389 1332 429 Sed
1360 390 1566 441 Isydorus:
1589 389 1600 416 ¹

203 458 392 497 Iordanis
435 457 567 495 undae
611 462 651 495 et
689 456 838 495 fluvius
873 469 896 494 a
938 456 1094 494 duobus
1134 454 1316 492 fontibus
1358 453 1602 501 nominatus,

203 535 373 570 quorum
409 522 511 560 alter
546 526 714 559 vocatur
748 520 834 569 Ior,
871 520 972 558 alter
1013 519 1115 557 Dan.
1171 519 1249 556 His
1295 517 1420 567 igitur
1464 517 1604 568 procul

199 600 222 623 a
251 599 295 624 se
323 586 569 624 distantibus
597 586 638 622 in
667 598 792 622 unum
826 584 984 623 alveum
1018 583 1237 621 foederatis
1266 581 1458 620 Iordanes
1494 581 1603 618 dein-

200 662 294 700 ceps
336 649 562 699 appellatur
603 655 644 687 et
684 648 830 686 dividit
868 647 1059 686 Iudaeam
1100 652 1140 685 et
1188 646 1382 684 Arabiam
1422 644 1491 694 qui
1531 657 1604 694 per

201 713 349 751 multas
393 713 585 751 circuitur
619 712 731 750 iuxta
765 712 957 749 Hiericho
993 711 1035 748 in
1070 724 1179 749 mare
1216 711 1422 748 Mortuum
1459 707 1603 757 influit,

200 777 431 815 Secundum
443 777 459 803 2
489 777 594 814 latus
623 776 792 814 Iudaeae
822 777 870 813 ab
900 775 1197 823 Hierusohmis,
1228 774 1269 811 in
1290 787 1366 822 quo
1395 773 1522 810 latere
1542 778 1605 810 est

203 841 295 879 fons
325 841 559 879 Callirrhoe.
615 841 680 878 Ab
717 840 924 878 occidente
959 840 1125 887 Esseni,
1163 840 1231 888 qui
1267 840 1353 877 sine
1390 837 1605 876 concubitu

201 915 241 944 et
288 905 443 943 cunctis
487 903 777 954 cupiditatibus
818 903 973 942 vivunt.
1028 903 1137 941 Hinc
1179 903 1392 951 aliquando
1435 901 1605 939 interius

200 969 392 1007 Massada
423 968 632 1006 castellum
660 967 702 1004 in
731 980 808 1015 quo
837 966 1013 1005 Iudaeae
1035 967 1127 1004 finis
1148 975 1221 1004 est.
1256 967 1312 1004 De
1334 981 1409 1016 qua
1429 966 1603 1007 Solinus.-

200 1026 352 1070 Iudaea
370 1033 385 1059 3
412 1031 583 1069 illustris
612 1036 675 1069 est
703 1031 818 1079 aquis
848 1030 919 1068 sed
947 1037 1091 1068 natura
1118 1044 1199 1068 non
1236 1030 1376 1068 eadem
1414 1044 1603 1079 aquarum

202 1096 389 1136 omnium.
445 1095 632 1133 Iordanis
662 1095 791 1132 amnis
820 1094 987 1133 eximiae
1025 1094 1238 1143 navitatis,
1276 1094 1465 1132 Paneade
1494 1095 1605 1132 fonte

200 1159 403 1206 dimissus,
447 1160 633 1207 regiones
661 1157 914 1208 praeterfluit
957 1157 1280 1206 amoenissimas,
1324 1171 1415 1195 mox
1449 1158 1490 1195 in
1528 1160 1604 1196 As—

198 1223 395 1274 phaltiten
423 1223 554 1260 lacum
582 1236 738 1261 mersus
767 1228 911 1271 stagno
942 1223 1231 1272 corrumpitur3
1262 1223 1331 1271 qui
1351 1222 1605 1272 Asphaltites

203 1287 350 1337 gygnit
376 1287 570 1338 bitumen7
599 1287 746 1324 animal
773 1300 853 1325 non
882 1286 1016 1335 habet,
1046 1287 1148 1324 nihil
1175 1287 1217 1324 in
1237 1300 1282 1324 eo
1303 1288 1430 1335 mergi
1458 1292 1603 1337 potest.

202 1351 326 1389 Tauri
361 1351 480 1389 etiam
524 1351 744 1400 camelique
787 1352 938 1400 inpune
979 1351 1037 1388 ibi
1077 1350 1249 1388 fluitant.
1305 1351 1382 1388 Est
1417 1356 1456 1389 et
1492 1351 1604 1389 lacus

204 1415 319 1464 Sara,
358 1420 548 1453 extensus
577 1428 771 1465 passuum
799 1415 974 1453 sedecim
1008 1415 1188 1464 milibus,
1220 1416 1510 1453 circumsessus
1539 1429 1603 1453 ur-

205 1479 325 1517 bibus
353 1478 537 1529 plurimis
567 1484 607 1517 et
635 1479 898 1528 caelebribus,
930 1479 1017 1528 ipse
1045 1492 1117 1529 par
1146 1478 1320 1529 optimis.
1379 1478 1459 1517 Sed
1491 1479 1604 1517 lacus

203 1541 431 1592 Tyberialis
461 1542 647 1580 omnibus
677 1543 947 1592 anteponitur,
979 1542 1154 1580 salubris
1182 1542 1358 1591 ingenuo
1388 1543 1536 1580 haustu
1566 1548 1605 1580 et

1630 969 1675 1002 10

1629 1287 1673 1320 15

202 1607 251 1644 ad
282 1606 496 1644 sanitatem
524 1620 602 1644 usu
640 1606 857 1645 efficacem.
912 1606 1085 1644 Iudaeae
1129 1614 1248 1657 caput
1291 1607 1369 1644 fuit
1410 1607 1604 1645 Hieruso—
1627 1605 1675 1639 20

200 1671 306 1719 lima,
345 1671 417 1709 sed
448 1670 582 1709 excisa
611 1676 689 1720 est;
733 1671 931 1709 successit-
967 1671 1197 1720 Hierichus,
1236 1676 1275 1709 et
1316 1672 1415 1709 haec
1457 1672 1605 1710 desivit

200 1734 479 1773 Artarcxersis
514 1735 618 1773 bello
655 1735 867 1773 subducta.
924 1734 1147 1773 Callirrhoe
1180 1735 1479 1785 Hierusolymis
1514 1749 1603 1786 pro—

198 1798 321 1848 xima,
364 1798 455 1837 fons
485 1799 615 1837 colore
645 1798 790 1837 medici
830 1799 1160 1849 probatissimus,
1205 1812 1253 1836 ex
1281 1800 1368 1849 ipso
1412 1813 1605 1848 aquarum

200 1863 415 1912 praeconia
444 1863 502 1900 sic
531 1871 699 1900 vocatus
728 1868 800 1900 est.
839 1863 890 1900 In
918 1862 993 1900 hac
1021 1868 1131 1900 terra
1160 1863 1383 1901 balsamum
1411 1865 1602 1913 nascitur,

201 1939 302 1975 quae
322 1927 426 1965 silva
444 1926 551 1964 intra
571 1927 719 1975 viginti
748 1927 932 1975 iugerum
960 1939 1089 1975 usque
1109 1926 1159 1963 ad
1189 1927 1398 1965 victoriam
1424 1933 1605 1965 nostram
1628 1926 1672 1960 25

311 2050 330 2086 1
362 2062 394 2087 c.
427 2048 583 2101 [oritur]
656 2049 678 2085 ‘2
707 2048 890 2087 Iordanis
918 2048 1046 2087 Iudae
1073 2048 1222 2087 fluvius
1250 2049 1340 2087 Ise'cl.
1406 2051 1429 2087 6
1457 2050 1604 2088 multos

199 2113 394 2151 circuitus
423 2113 513 2151 Isz'd.
609 2112 768 2151 Iericho
799 2112 890 2152 Isicl.
982 2113 1002 2149 7
1033 2113 1212 2151 secunda
1242 2114 1360 2152 elatio
1390 2113 1511 2153 Mart.
1543 2115 1601 2166 (b)

196 2177 493 2227 Hierosolymis
521 2176 643 2215 illart.
723 2177 746 2214 9
775 2176 979 2225 aliquanto
1001 2207 1009 2215 .
1030 2206 1038 2215 .
1059 2177 1227 2215 Masada
1255 2177 1375 2217 Mart.
1449 2179 1496 2215 13
1525 2180 1603 2217 As-

198 2240 411 2290 phaltitem
439 2240 514 2279 Sol.
573 2241 624 2280 14
644 2253 676 2280 c.
707 2240 811 2290 quia,
842 2253 940 2278 corr,
961 2241 1029 2289 qui
1088 2241 1135 2278 16
1157 2254 1188 2279 c.
1218 2241 1342 2291 locus⁷
1374 2256 1469 2280 corr.
1492 2243 1602 2280 lacus

199 2304 245 2341 17
276 2305 591 2355 circumsaeptus
621 2305 697 2343 sol.
729 2305 903 2356 (LGP2)
1015 2306 1062 2343 19
1093 2305 1318 2343 Tiberiadis
1348 2305 1422 2344 Sol.
1516 2307 1596 2355 ing.

198 2375 312 2407 aestu
343 2368 420 2407 Sol.
453 2369 525 2420 (H)
662 2370 712 2407 20
740 2368 894 2407 efficaci
923 2368 1002 2407 Sol.
1115 2369 1400 2420 Hierosolyma
1427 2370 1504 2408 Sol.
1536 2370 1598 2422 (S)

197 2434 246 2470 22
274 2433 512 2470 Artaxerxis
541 2431 619 2470 Sol.
660 2479 667 2486 ⁸
763 2435 930 2471 subacta
958 2432 1035 2472 Sol.
1067 2434 1301 2484 (artaxersis
1331 2434 1367 2472 b.
1399 2435 1600 2473 subducta

197 2497 254 2548 H)
328 2497 378 2536 23
408 2496 538 2535 calore
568 2496 640 2547 (H)
670 2496 824 2535 medico
854 2496 931 2535 Sol.
1006 2501 1046 2536 et
1075 2510 1123 2535 ex
1151 2496 1228 2535 Sol.
1260 2497 1332 2549 (H)
1403 2499 1453 2535 <24
1480 2512 1597 2537 voca-

192 2566 275 2600 tus.
306 2560 384 2599 Sol.
416 2559 576 2612 (ΒΘΗ)
633 2561 682 2597 25
711 2559 818 2598 intra
846 2562 1039 2599 terminos
1069 2561 1146 2599 Sol.
1178 2562 1237 2612 (h)

295 2686 305 2712 1
331 2684 429 2728 xm,
456 2685 517 2727 21,
544 2683 600 2717 18.
651 2682 667 2709 ἐ
694 2684 798 2718 Mart.
826 2683 886 2727 vl,
914 2684 993 2718 679.
1091 2684 1105 2710 3
1131 2685 1202 2719 Sol.
1231 2685 1378 2719 xxxv,
1404 2686 1506 2721 1-3.
