1916 3254
275 930 318 963 10

276 1252 319 1285 15

273 1573 319 1607 20

915 243 1173 279 —58—

447 353 682 391 Marcianus.
703 353 709 379 ¹
749 352 888 390 Africa
904 352 921 379 2
949 353 1072 401 igitur
1099 366 1145 391 ac
1163 353 1280 391 Libia
1300 353 1408 390 (licta
1435 354 1484 391 ab
1505 353 1604 391 Afro
1625 353 1738 402 Libe,

342 416 530 454 Herculis
559 415 652 455 filio.
695 416 744 453 In
774 415 945 454 confinio
975 421 1036 454 est
1064 416 1236 467 Elyssos
1266 416 1432 461 colonia,
1461 417 1502 454 in
1532 430 1610 466 qua
1629 417 1740 466 regia

342 480 459 517 Actei
488 480 768 528 luctamenque
805 493 894 517 cum
922 480 1097 518 Hercule
1135 481 1375 519 celebratum
1405 485 1445 518 et
1472 481 1739 531 Aesperidum

343 543 437 592 orti;
481 545 524 581 (le
566 545 697 594 quibus
739 545 830 581 satis
873 557 1001 594 supra.
1058 544 1144 583 Nec
1185 545 1303 592 longe
1338 557 1452 583 mons
1481 545 1655 582 Athlans
1691 544 1740 583 de

346 607 497 656 gremio
528 620 718 645 cacumen
745 607 956 657 proferens
985 622 1212 658 arenarum3
1251 609 1358 646 hunc
1385 608 1538 647 incolae
1566 608 1740 646 Addirin

342 675 500 720 vocant,
530 671 565 709 is
594 684 722 720 usque
750 672 791 709 in
822 672 993 710 confinia
1020 673 1173 710 lunaris
1203 672 1340 710 circuli
1371 677 1534 710 evectus
1556 677 1618 710 est
1636 673 1741 710 ultra

341 735 508 772 nubium
543 740 796 785 potestatem.
834 735 902 784 qui
930 737 978 774 ab
1015 749 1182 774 occasus
1210 741 1324 786 parte
1359 736 1478 774 litora
1512 740 1743 786 prospectat

343 798 494 848 oceani,
524 812 771 848 nemorOSUS,
800 798 980 838 fontibus
1002 805 1172 849 scatens,
1204 800 1274 837 sed
1294 800 1463 850 rupibus
1482 799 1741 850 infecundus;

343 876 420 911 qua
448 876 543 901 vero
564 863 744 901 Africam
774 868 932 913 spectat
960 865 1116 914 opimus
1146 863 1285 902 omnis.
1329 864 1508 902 Arbores
1536 868 1743 914 praeterea

342 926 473 976 gignit
502 927 684 977 cypressi
713 927 876 978 similes,
914 928 1036 966 odore
1064 933 1198 966 tamen
1227 941 1387 977 graves,
1423 941 1525 977 quae
1554 929 1646 966 lana
1675 929 1742 967 ob-

343 991 495 1029 ducunt
530 992 659 1029 instar
693 991 813 1030 serici
847 994 1101 1042 praetiosam.
1158 993 1237 1030 Per
1273 993 1378 1030 diem
1409 993 1518 1042 silet,
1558 997 1676 1031 nocte
1705 997 1744 1031 et

342 1055 504 1104 ignibus
542 1055 663 1093 micat
691 1060 732 1093 et
768 1055 891 1105 tybiis
930 1055 1066 1094 fistula
1108 1056 1289 1094 cimbalis
1331 1057 1615 1107 tympanisque
1654 1069 1743 1107 per-

343 1124 489 1169 crepat,
521 1119 678 1169 Satyris
707 1119 998 1169 Egypanisque
1027 1120 1328 1159 bacchantibus.
1385 1121 1502 1158 Ultra
1530 1121 1663 1170 ipsum
1692 1120 1743 1158 ad

344 1184 570 1221 occasivum
599 1183 695 1220 litus
724 1196 796 1232 per
831 1183 1125 1232 quadringenta
1159 1184 1378 1232 nonaginta
1413 1197 1484 1222 sex
1517 1185 1626 1222 milia
1653 1197 1744 1234 pas-

344 1261 461 1285 suum
490 1247 618 1285 saltus
646 1247 743 1285 feris
774 1247 941 1296 Lybicis
977 1247 1190 1286 occultum.
1228 1261 1303 1286 nec
1340 1248 1556 1297 plurimum
1592 1248 1745 1286 distant

347 1317 500 1361 septem
543 1315 700 1349 montes
735 1311 803 1359 qui
838 1311 1011 1361 paritate
1047 1312 1265 1350 cacuminis
1294 1312 1458 1350 Fratres
1488 1317 1583 1349 sunt
1610 1311 1746 1362 appel-

343 1376 424 1425 lati,
455 1375 526 1413 sed
555 1374 888 1425 heleph-autorum
916 1375 1023 1425 pleni
1054 1380 1093 1413 et
1122 1381 1217 1413 sunt
1245 1376 1350 1413 ultra
1377 1375 1622 1426 provintiam
1651 1376 1746 1414 Tin-

342 1440 532 1488 gitanam.
587 1439 692 1477 Item
733 1438 829 1488 Siga
871 1439 1062 1489 oppidum
1103 1453 1124 1478 e
1160 1440 1325 1489 regione
1367 1440 1562 1478 Malacam
1606 1440 1746 1478 urbem

345 1503 534 1554 Spaniam
570 1503 873 1554 centemplatur.
929 1504 979 1541 In
1008 1504 1126 1542 litore
1157 1517 1314 1553 quoque
1343 1503 1567 1542 Carmenna
1600 1503 1746 1553 magis-

345 1581 422 1617 que
461 1568 653 1618 oppidum
683 1567 890 1606 Cesareae.
945 1568 1047 1606 Item
1075 1568 1251 1606 Icosium
1289 1582 1415 1617 aeque
1453 1569 1619 1617 colonia,
1650 1568 1747 1607 item

344 1632 573 1670 Rusconiae
594 1638 633 1670 et
653 1633 919 1681 Rusviourus,
950 1633 1090 1682 Aldae,
1113 1633 1261 1671 Aeciae
1292 1639 1527 1681 caetereque
1548 1633 1746 1672 civitates.

342 1696 513 1734 Fluvius
557 1709 651 1735 vero
689 1697 877 1745 Ambuga
919 1697 1035 1734 abest
1069 1710 1092 1734 a
1127 1696 1325 1735 Caesarea
1366 1697 1559 1735 trecentis
1602 1696 1747 1746 viginti

450 1845 469 1880 1
499 1842 638 1881 Africa
666 1856 760 1881 vero
790 1843 910 1882 lilart.
967 1844 990 1880 2
1019 1843 1175 1882 Elissos
1205 1843 1325 1882 Marl.
1394 1844 1418 1881 3
1447 1843 1595 1882 Antaei
1625 1843 1745 1880 illari.

343 1907 566 1946 celebratur
595 1907 715 1948 Mart,
782 1907 1054 1958 Hesperidum
1084 1908 1203 1948 Mart.
1277 1909 1303 1945 4
1331 1908 1449 1946 Atlas
1479 1908 1599 1946 Mart.
1631 1907 1748 1959 (BR)

342 1973 364 2009 ὃ
393 1971 551 2009 Adirim
580 1971 698 2009 Mart.
730 1971 918 2021 (addirim
939 1972 978 2021 b)
1035 1972 1058 2009 6
1088 1977 1150 2010 est
1179 1973 1273 2010 deest
1304 1971 1426 2010 ,Maru
1485 1974 1534 2011 10
1563 1972 1745 2022 cupressi

342 2036 461 2074 Mart.
569 2036 701 2073 lanam
730 2035 850 2074 Illarl.
961 2037 1008 2075 12
1038 2049 1070 2075 c.
1104 2035 1242 2088 [tybiis
1269 2036 1418 2088 fistula]
1515 2036 1626 2074 tibiis
1657 2067 1664 2075 .
1696 2067 1704 2074 .
1736 2067 1743 2075 .

343 2100 537 2150 cymbalis
568 2099 688 2138 stlat-t.
804 2101 853 2137 14
882 2113 1067 2139 occasum
1096 2100 1216 2138 Mart.
1334 2103 1381 2138 15
1412 2101 1596 2151 occupati
1624 2100 1744 2139 Mart.

343 2177 374 2203 c.
403 2163 650 2217 plur[imum]
738 2165 786 2201 16
814 2163 1015 2215 parilitate
1044 2164 1162 2203 Illart.
1203 2164 1253 2215 (B
1266 2163 1316 2211 D)
1402 2165 1449 2202 17
1479 2164 1745 2203 elefantorum

341 2228 462 2267 Illam.
521 2229 568 2266 19
596 2228 818 2278 Hispaniae
847 2228 967 2266 Mart.
1026 2228 1227 2267 Cartenna
1257 2228 1377 2267 Mart.
1410 2229 1477 2279 (B)
1533 2228 1744 2278 maiusque

343 2293 463 2331 Illart.
529 2293 576 2330 21
607 2292 839 2342 Rusgoniae
870 2298 909 2331 et
936 2293 1176 2332 Rusucurus
1206 2293 1326 2331 Mart.
1357 2294 1618 2344 (rusuccurus
1646 2292 1743 2343 BR)

343 2371 374 2396 c.
403 2369 648 2395 rusuccurus
676 2358 839 2407 primum
869 2370 890 2395 c
919 2359 954 2394 ίη
985 2357 997 2395 i
1027 2365 1180 2396 correct.
1289 2356 1434 2396 Saldae
1468 2357 1589 2396 etiam
1623 2362 1742 2396 ceter.

344 2421 474 2473 (aldae
496 2421 598 2460 etiae
618 2421 670 2472 R)
701 2421 821 2461 Mart.
875 2422 925 2459 22
945 2421 1092 2460 flumen
1115 2436 1152 2460 v.
1173 2423 1380 2472 Ampsaga
1408 2422 1528 2461 Allart.
1559 2422 1742 2474 (ambaga

342 2486 441 2537 BR)
498 2500 530 2525 c.
561 2499 800 2536 caesaream7
829 2499 925 2525 corr.
956 2499 999 2525 ea

442 2657 448 2682 ι
477 2657 540 2691 cod
571 2650 613 2691 M.
666 2655 683 2683 2
707 2659 807 2691 Mart.
836 2657 896 2701 VI,
923 2658 1094 2691 (ηπ-59.
