<?xml version="1.0" encoding="UTF-8"?>
<!DOCTYPE html PUBLIC "-//W3C//DTD XHTML 1.0 Transitional//EN"
    "http://www.w3.org/TR/xhtml1/DTD/xhtml1-transitional.dtd">
<html xmlns="http://www.w3.org/1999/xhtml" xml:lang="en" lang="en">
 <head>
  <title>
</title>
<meta http-equiv="Content-Type" content="text/html;charset=utf-8" />
  <meta name='ocr-system' content='tesseract 3.04.00' />
  <meta name='ocr-capabilities' content='ocr_page ocr_carea ocr_par ocr_line ocrx_word'/>
</head>
<body>
  <div class='ocr_page' id='page_1' title='image "anonymidesituorb00maniuoft_0019.png"; bbox 0 0 1916 3254; ppageno 0'>
   <div class='ocr_carea' id='block_1_1' title="bbox 739 262 1050 299">
    <p class='ocr_par' dir='ltr' id='par_1_1' title="bbox 739 262 1050 299">
     <span class='ocr_line' id='line_1_1' title="bbox 739 262 1050 299; baseline 0.003 -1"><span class='ocrx_word' id='word_1_1' title='bbox 739 285 785 290; x_wconf 85' lang='lat'>—</span> <span class='ocrx_word' id='word_1_2' title='bbox 840 262 945 299; x_wconf 77' lang='lat' dir='ltr'>XIII</span> <span class='ocrx_word' id='word_1_3' title='bbox 998 283 1050 288; x_wconf 88' lang='lat'>—</span> 
     </span>
    </p>
   </div>
   <div class='ocr_carea' id='block_1_2' title="bbox 187 369 1594 2404">
    <p class='ocr_par' dir='ltr' id='par_1_2' title="bbox 187 369 1594 1380">
     <span class='ocr_line' id='line_1_2' title="bbox 195 369 1591 422; baseline -0.004 -10"><span class='ocrx_word' id='word_1_4' title='bbox 195 376 300 422; x_wconf 84' lang='lat' dir='ltr'>Quia</span> <span class='ocrx_word' id='word_1_5' title='bbox 318 374 359 412; x_wconf 88' lang='lat' dir='ltr'><strong>H</strong></span> <span class='ocrx_word' id='word_1_6' title='bbox 379 372 538 411; x_wconf 87' lang='lat' dir='ltr'>codices</span> <span class='ocrx_word' id='word_1_7' title='bbox 558 372 945 421; x_wconf 86' lang='lat' dir='ltr'>Heidelbergensem</span> <span class='ocrx_word' id='word_1_8' title='bbox 965 377 1005 410; x_wconf 81' lang='lat' dir='ltr'>et</span> <span class='ocrx_word' id='word_1_9' title='bbox 1026 371 1273 409; x_wconf 88' lang='lat' dir='ltr'>Bernensem</span> <span class='ocrx_word' id='word_1_10' title='bbox 1294 369 1591 408; x_wconf 86' lang='lat' dir='ltr'>consentientes</span> 
     </span>
     <span class='ocr_line' id='line_1_3' title="bbox 192 434 1593 487; baseline -0.005 -10"><span class='ocrx_word' id='word_1_11' title='bbox 192 439 356 487; x_wconf 87' lang='lat' dir='ltr'>indicat,</span> <span class='ocrx_word' id='word_1_12' title='bbox 385 442 568 475; x_wconf 89' lang='lat' dir='ltr'>nostrum</span> <span class='ocrx_word' id='word_1_13' title='bbox 597 436 735 475; x_wconf 91' lang='lat' dir='ltr'>codice</span> <span class='ocrx_word' id='word_1_14' title='bbox 763 437 936 485; x_wconf 87' lang='lat' dir='ltr'>quodam</span> <span class='ocrx_word' id='word_1_15' title='bbox 964 449 1083 474; x_wconf 89' lang='lat' dir='ltr'>usum</span> <span class='ocrx_word' id='word_1_16' title='bbox 1111 448 1201 473; x_wconf 89' lang='lat' dir='ltr'>esse</span> <span class='ocrx_word' id='word_1_17' title='bbox 1229 447 1394 472; x_wconf 87' lang='lat' dir='ltr'>necesse</span> <span class='ocrx_word' id='word_1_18' title='bbox 1421 438 1493 481; x_wconf 86' lang='lat' dir='ltr'>est,</span> <span class='ocrx_word' id='word_1_19' title='bbox 1524 434 1593 481; x_wconf 79' lang='lat' dir='ltr'>qui</span> 
     </span>
     <span class='ocr_line' id='line_1_4' title="bbox 193 497 1592 548; baseline -0.004 -8"><span class='ocrx_word' id='word_1_20' title='bbox 193 503 372 541; x_wconf 90' lang='lat' dir='ltr'>nondum</span> <span class='ocrx_word' id='word_1_21' title='bbox 400 502 442 539; x_wconf 91' lang='lat' dir='ltr'>in</span> <span class='ocrx_word' id='word_1_22' title='bbox 469 502 497 539; x_wconf 95' lang='lat' dir='ltr'>h</span> <span class='ocrx_word' id='word_1_23' title='bbox 524 502 559 539; x_wconf 93' lang='lat' dir='ltr'>B</span> <span class='ocrx_word' id='word_1_24' title='bbox 589 501 746 539; x_wconf 88' lang='lat' dir='ltr'>divisus</span> <span class='ocrx_word' id='word_1_25' title='bbox 783 505 900 539; x_wconf 90' lang='lat' dir='ltr'>esset.</span> <span class='ocrx_word' id='word_1_26' title='bbox 957 499 1175 538; x_wconf 85' lang='lat' dir='ltr'>Praeterea</span> <span class='ocrx_word' id='word_1_27' title='bbox 1202 497 1363 548; x_wconf 82' lang='lat' dir='ltr'>saepius</span> <span class='ocrx_word' id='word_1_28' title='bbox 1399 497 1592 535; x_wconf 85' lang='lat' dir='ltr'>lectiones</span> 
     </span>
     <span class='ocr_line' id='line_1_5' title="bbox 193 561 1590 614; baseline -0.005 -9"><span class='ocrx_word' id='word_1_29' title='bbox 193 567 373 606; x_wconf 89' lang='lat' dir='ltr'>codicum</span> <span class='ocrx_word' id='word_1_30' title='bbox 401 566 543 604; x_wconf 75' lang='lat' dir='ltr'>tertiae</span> <span class='ocrx_word' id='word_1_31' title='bbox 572 571 693 614; x_wconf 87' lang='lat' dir='ltr'>atque</span> <span class='ocrx_word' id='word_1_32' title='bbox 713 564 914 603; x_wconf 89' lang='lat' dir='ltr'>secundae</span> <span class='ocrx_word' id='word_1_33' title='bbox 935 563 1076 601; x_wconf 90' lang='lat' dir='ltr'>classis</span> <span class='ocrx_word' id='word_1_34' title='bbox 1106 563 1334 601; x_wconf 81' lang='lat' dir='ltr'>invenimus</span> <span class='ocrx_word' id='word_1_35' title='bbox 1356 562 1407 613; x_wconf 89' lang='lat' dir='ltr'>(L</span> <span class='ocrx_word' id='word_1_36' title='bbox 1423 561 1459 599; x_wconf 83' lang='lat' dir='ltr'>G</span> <span class='ocrx_word' id='word_1_37' title='bbox 1475 561 1508 598; x_wconf 91' lang='lat' dir='ltr'>P</span> <span class='ocrx_word' id='word_1_38' title='bbox 1524 562 1590 611; x_wconf 83' lang='lat' dir='ltr'>A).</span> 
     </span>
     <span class='ocr_line' id='line_1_6' title="bbox 192 625 1592 679; baseline -0.004 -10"><span class='ocrx_word' id='word_1_39' title='bbox 192 632 328 679; x_wconf 81' lang='lat' dir='ltr'>Atque</span> <span class='ocrx_word' id='word_1_40' title='bbox 365 631 422 667; x_wconf 92' lang='lat' dir='ltr'>ita</span> <span class='ocrx_word' id='word_1_41' title='bbox 457 630 602 668; x_wconf 89' lang='lat' dir='ltr'>iterum</span> <span class='ocrx_word' id='word_1_42' title='bbox 637 629 777 679; x_wconf 87' lang='lat' dir='ltr'>optimi</span> <span class='ocrx_word' id='word_1_43' title='bbox 806 633 846 666; x_wconf 91' lang='lat' dir='ltr'>et</span> <span class='ocrx_word' id='word_1_44' title='bbox 873 626 1145 676; x_wconf 81' lang='lat' dir='ltr'>antiquissimi</span> <span class='ocrx_word' id='word_1_45' title='bbox 1182 626 1339 664; x_wconf 90' lang='lat' dir='ltr'>codices</span> <span class='ocrx_word' id='word_1_46' title='bbox 1367 639 1448 664; x_wconf 90' lang='lat' dir='ltr'>una</span> <span class='ocrx_word' id='word_1_47' title='bbox 1475 625 1592 663; x_wconf 90' lang='lat' dir='ltr'>nobis</span> 
     </span>
     <span class='ocr_line' id='line_1_7' title="bbox 193 689 1592 742; baseline -0.005 -9"><span class='ocrx_word' id='word_1_48' title='bbox 193 698 421 733; x_wconf 90' lang='lat' dir='ltr'>occurrunt.</span> <span class='ocrx_word' id='word_1_49' title='bbox 452 693 584 739; x_wconf 82' lang='lat' dir='ltr'>Quare</span> <span class='ocrx_word' id='word_1_50' title='bbox 603 692 830 742; x_wconf 88' lang='lat' dir='ltr'>putandum</span> <span class='ocrx_word' id='word_1_51' title='bbox 850 697 910 729; x_wconf 86' lang='lat' dir='ltr'>est</span> <span class='ocrx_word' id='word_1_52' title='bbox 929 696 1133 729; x_wconf 83' lang='lat' dir='ltr'>auctorem</span> <span class='ocrx_word' id='word_1_53' title='bbox 1152 695 1222 728; x_wconf 89' lang='lat' dir='ltr'>aut</span> <span class='ocrx_word' id='word_1_54' title='bbox 1241 689 1448 739; x_wconf 80' lang='lat' dir='ltr'>archetypi</span> <span class='ocrx_word' id='word_1_55' title='bbox 1469 689 1592 737; x_wconf 86' lang='lat' dir='ltr'>quod-</span> 
     </span>
     <span class='ocr_line' id='line_1_8' title="bbox 194 753 1593 807; baseline -0.004 -12"><span class='ocrx_word' id='word_1_56' title='bbox 194 757 286 795; x_wconf 88' lang='lat' dir='ltr'>dam</span> <span class='ocrx_word' id='word_1_57' title='bbox 315 757 590 807; x_wconf 83' lang='lat' dir='ltr'>apographum</span> <span class='ocrx_word' id='word_1_58' title='bbox 619 755 884 805; x_wconf 83' lang='lat' dir='ltr'>descripsisse</span> <span class='ocrx_word' id='word_1_59' title='bbox 910 760 979 791; x_wconf 86' lang='lat' dir='ltr'>aut</span> <span class='ocrx_word' id='word_1_60' title='bbox 1008 754 1184 792; x_wconf 88' lang='lat' dir='ltr'>codicem</span> <span class='ocrx_word' id='word_1_61' title='bbox 1214 768 1263 792; x_wconf 78' lang='lat' dir='ltr'>ex</span> <span class='ocrx_word' id='word_1_62' title='bbox 1290 754 1420 791; x_wconf 89' lang='lat' dir='ltr'>tribus</span> <span class='ocrx_word' id='word_1_63' title='bbox 1457 753 1593 791; x_wconf 88' lang='lat' dir='ltr'>classi-</span> 
     </span>
     <span class='ocr_line' id='line_1_9' title="bbox 193 818 1591 865; baseline -0.004 -6"><span class='ocrx_word' id='word_1_64' title='bbox 193 822 268 859; x_wconf 89' lang='lat' dir='ltr'>bus</span> <span class='ocrx_word' id='word_1_65' title='bbox 298 821 621 860; x_wconf 88' lang='lat' dir='ltr'>contaminatum.</span> <span class='ocrx_word' id='word_1_66' title='bbox 663 818 742 856; x_wconf 87' lang='lat' dir='ltr'>Sed</span> <span class='ocrx_word' id='word_1_67' title='bbox 762 831 842 856; x_wconf 92' lang='lat' dir='ltr'>non</span> <span class='ocrx_word' id='word_1_68' title='bbox 861 818 1081 856; x_wconf 87' lang='lat' dir='ltr'>verisimile</span> <span class='ocrx_word' id='word_1_69' title='bbox 1110 823 1183 865; x_wconf 87' lang='lat' dir='ltr'>est,</span> <span class='ocrx_word' id='word_1_70' title='bbox 1215 818 1249 856; x_wconf 88' lang='lat' dir='ltr'>si</span> <span class='ocrx_word' id='word_1_71' title='bbox 1270 818 1428 856; x_wconf 89' lang='lat' dir='ltr'>saeculo</span> <span class='ocrx_word' id='word_1_72' title='bbox 1451 822 1591 856; x_wconf 89' lang='lat' dir='ltr'>oct-avo</span> 
     </span>
     <span class='ocr_line' id='line_1_10' title="bbox 192 880 1594 932; baseline -0.004 -9"><span class='ocrx_word' id='word_1_73' title='bbox 192 885 258 923; x_wconf 84' lang='lat' dir='ltr'>vel</span> <span class='ocrx_word' id='word_1_74' title='bbox 278 897 382 922; x_wconf 93' lang='lat' dir='ltr'>nono</span> <span class='ocrx_word' id='word_1_75' title='bbox 404 889 487 921; x_wconf 91' lang='lat' dir='ltr'>tres</span> <span class='ocrx_word' id='word_1_76' title='bbox 509 883 659 921; x_wconf 86' lang='lat' dir='ltr'>classes</span> <span class='ocrx_word' id='word_1_77' title='bbox 690 881 928 932; x_wconf 84' lang='lat' dir='ltr'>compilatae</span> <span class='ocrx_word' id='word_1_78' title='bbox 958 886 1107 930; x_wconf 85' lang='lat' dir='ltr'>essent,</span> <span class='ocrx_word' id='word_1_79' title='bbox 1136 895 1207 932; x_wconf 91' lang='lat' dir='ltr'>pro</span> <span class='ocrx_word' id='word_1_80' title='bbox 1237 895 1381 930; x_wconf 89' lang='lat' dir='ltr'>magno</span> <span class='ocrx_word' id='word_1_81' title='bbox 1411 880 1594 919; x_wconf 90' lang='lat' dir='ltr'>codicum</span> 
     </span>
     <span class='ocr_line' id='line_1_11' title="bbox 192 944 1592 993; baseline -0.002 -8"><span class='ocrx_word' id='word_1_82' title='bbox 192 961 357 986; x_wconf 90' lang='lat' dir='ltr'>numero</span> <span class='ocrx_word' id='word_1_83' title='bbox 387 947 438 984; x_wconf 92' lang='lat' dir='ltr'>ad</span> <span class='ocrx_word' id='word_1_84' title='bbox 466 951 646 984; x_wconf 86' lang='lat' dir='ltr'>nostram</span> <span class='ocrx_word' id='word_1_85' title='bbox 675 950 848 984; x_wconf 88' lang='lat' dir='ltr'>aetatem</span> <span class='ocrx_word' id='word_1_86' title='bbox 871 958 921 983; x_wconf 89' lang='lat' dir='ltr'>ne</span> <span class='ocrx_word' id='word_1_87' title='bbox 943 958 1065 982; x_wconf 88' lang='lat' dir='ltr'>unum</span> <span class='ocrx_word' id='word_1_88' title='bbox 1085 946 1247 993; x_wconf 85' lang='lat' dir='ltr'>quidem</span> <span class='ocrx_word' id='word_1_89' title='bbox 1266 945 1395 984; x_wconf 78' lang='lat' dir='ltr'>nostri</span> <span class='ocrx_word' id='word_1_90' title='bbox 1423 944 1592 982; x_wconf 83' lang='lat' dir='ltr'>similem</span> 
     </span>
     <span class='ocr_line' id='line_1_12' title="bbox 191 1009 1594 1061; baseline -0.002 -12"><span class='ocrx_word' id='word_1_91' title='bbox 191 1016 480 1061; x_wconf 82' lang='lat' dir='ltr'>perventurum</span> <span class='ocrx_word' id='word_1_92' title='bbox 507 1010 648 1049; x_wconf 87' lang='lat' dir='ltr'>fuisse.</span> <span class='ocrx_word' id='word_1_93' title='bbox 686 1010 822 1058; x_wconf 88' lang='lat' dir='ltr'>Atque</span> <span class='ocrx_word' id='word_1_94' title='bbox 841 1010 898 1048; x_wconf 89' lang='lat' dir='ltr'>ita</span> <span class='ocrx_word' id='word_1_95' title='bbox 919 1009 1128 1059; x_wconf 68' lang='lat' dir='ltr'>archetypi</span> <span class='ocrx_word' id='word_1_96' title='bbox 1147 1009 1420 1059; x_wconf 82' lang='lat' dir='ltr'>apographum</span> <span class='ocrx_word' id='word_1_97' title='bbox 1440 1009 1594 1046; x_wconf 90' lang='lat' dir='ltr'>auctori</span> 
     </span>
     <span class='ocr_line' id='line_1_13' title="bbox 189 1073 1593 1125; baseline -0.001 -13"><span class='ocrx_word' id='word_1_98' title='bbox 189 1080 350 1125; x_wconf 88' lang='lat' dir='ltr'>praesto</span> <span class='ocrx_word' id='word_1_99' title='bbox 386 1074 513 1113; x_wconf 89' lang='lat' dir='ltr'>fuisse</span> <span class='ocrx_word' id='word_1_100' title='bbox 548 1088 620 1125; x_wconf 92' lang='lat' dir='ltr'>pro</span> <span class='ocrx_word' id='word_1_101' title='bbox 657 1079 766 1113; x_wconf 84' lang='lat' dir='ltr'>certo</span> <span class='ocrx_word' id='word_1_102' title='bbox 802 1075 1008 1112; x_wconf 85' lang='lat' dir='ltr'>habemus.</span> <span class='ocrx_word' id='word_1_103' title='bbox 1067 1074 1167 1111; x_wconf 89' lang='lat' dir='ltr'>Cum</span> <span class='ocrx_word' id='word_1_104' title='bbox 1195 1073 1341 1122; x_wconf 79' lang='lat' dir='ltr'>quibus</span> <span class='ocrx_word' id='word_1_105' title='bbox 1376 1073 1484 1111; x_wconf 89' lang='lat' dir='ltr'>haud</span> <span class='ocrx_word' id='word_1_106' title='bbox 1514 1073 1593 1111; x_wconf 88' lang='lat' dir='ltr'>dis-</span> 
     </span>
     <span class='ocr_line' id='line_1_14' title="bbox 189 1137 1593 1189; baseline -0.001 -13"><span class='ocrx_word' id='word_1_107' title='bbox 189 1143 338 1189; x_wconf 87' lang='lat' dir='ltr'>crepat,</span> <span class='ocrx_word' id='word_1_108' title='bbox 369 1138 477 1187; x_wconf 86' lang='lat' dir='ltr'>quod</span> <span class='ocrx_word' id='word_1_109' title='bbox 508 1138 671 1177; x_wconf 88' lang='lat' dir='ltr'>Solinus</span> <span class='ocrx_word' id='word_1_110' title='bbox 699 1139 741 1176; x_wconf 89' lang='lat' dir='ltr'>in</span> <span class='ocrx_word' id='word_1_111' title='bbox 769 1137 1017 1188; x_wconf 78' lang='lat' dir='ltr'>praefatione</span> <span class='ocrx_word' id='word_1_112' title='bbox 1048 1137 1336 1176; x_wconf 87' lang='lat' dir='ltr'>Polistoriarus</span> <span class='ocrx_word' id='word_1_113' title='bbox 1356 1143 1524 1175; x_wconf 84' lang='lat' dir='ltr'>vocatur</span> <span class='ocrx_word' id='word_1_114' title='bbox 1543 1161 1593 1165; x_wconf 89' lang='lat'>——</span> 
     </span>
     <span class='ocr_line' id='line_1_15' title="bbox 187 1202 1592 1252; baseline -0.002 -11"><span class='ocrx_word' id='word_1_115' title='bbox 187 1215 408 1252; x_wconf 85' lang='lat' dir='ltr'>cognomen</span> <span class='ocrx_word' id='word_1_116' title='bbox 438 1203 544 1240; x_wconf 90' lang='lat' dir='ltr'>enim</span> <span class='ocrx_word' id='word_1_117' title='bbox 574 1203 845 1252; x_wconf 68' lang='lat' dir='ltr'>Polyhistoris</span> <span class='ocrx_word' id='word_1_118' title='bbox 875 1202 1102 1240; x_wconf 84' lang='lat' dir='ltr'>Mommsen</span> <span class='ocrx_word' id='word_1_119' title='bbox 1140 1202 1403 1252; x_wconf 81' lang='lat' dir='ltr'>interpolatae</span> <span class='ocrx_word' id='word_1_120' title='bbox 1433 1207 1473 1240; x_wconf 91' lang='lat' dir='ltr'>et</span> <span class='ocrx_word' id='word_1_121' title='bbox 1502 1214 1592 1239; x_wconf 85' lang='lat' dir='ltr'>con-</span> 
     </span>
     <span class='ocr_line' id='line_1_16' title="bbox 187 1266 1592 1316; baseline 0 -12"><span class='ocrx_word' id='word_1_122' title='bbox 187 1266 404 1305; x_wconf 89' lang='lat' dir='ltr'>taminatae</span> <span class='ocrx_word' id='word_1_123' title='bbox 433 1266 554 1305; x_wconf 89' lang='lat' dir='ltr'>classi</span> <span class='ocrx_word' id='word_1_124' title='bbox 582 1267 727 1304; x_wconf 83' lang='lat' dir='ltr'>tertiae</span> <span class='ocrx_word' id='word_1_125' title='bbox 756 1266 988 1315; x_wconf 83' lang='lat' dir='ltr'>adsignavit</span> <span class='ocrx_word' id='word_1_126' title='bbox 1011 1267 1020 1292; x_wconf 75' lang='grc'><strong>1</strong></span> <span class='ocrx_word' id='word_1_127' title='bbox 1051 1289 1100 1294; x_wconf 87' lang='grc'>-</span> <span class='ocrx_word' id='word_1_128' title='bbox 1131 1267 1223 1314; x_wconf 84' lang='lat' dir='ltr'>quia</span> <span class='ocrx_word' id='word_1_129' title='bbox 1260 1266 1459 1316; x_wconf 86' lang='lat' dir='ltr'>suspicari</span> <span class='ocrx_word' id='word_1_130' title='bbox 1486 1266 1592 1315; x_wconf 90' lang='lat' dir='ltr'>licet,</span> 
     </span>
     <span class='ocr_line' id='line_1_17' title="bbox 187 1329 1496 1380; baseline 0.001 -12"><span class='ocrx_word' id='word_1_131' title='bbox 187 1331 251 1368; x_wconf 89' lang='lat' dir='ltr'>his</span> <span class='ocrx_word' id='word_1_132' title='bbox 280 1329 527 1380; x_wconf 87' lang='lat' dir='ltr'>temporibus</span> <span class='ocrx_word' id='word_1_133' title='bbox 558 1343 777 1380; x_wconf 83' lang='lat' dir='ltr'>cognomen</span> <span class='ocrx_word' id='word_1_134' title='bbox 807 1329 907 1367; x_wconf 87' lang='lat' dir='ltr'>illud</span> <span class='ocrx_word' id='word_1_135' title='bbox 936 1330 1015 1367; x_wconf 90' lang='lat' dir='ltr'>iam</span> <span class='ocrx_word' id='word_1_136' title='bbox 1044 1330 1327 1380; x_wconf 77' lang='lat' dir='ltr'>pervulgatum</span> <span class='ocrx_word' id='word_1_137' title='bbox 1354 1329 1496 1370; x_wconf 83' lang='lat' dir='ltr'>fuisse.</span> 
     </span>
    </p>

    <p class='ocr_par' dir='ltr' id='par_1_3' title="bbox 190 1393 1594 1634">
     <span class='ocr_line' id='line_1_18' title="bbox 298 1393 1594 1444; baseline 0.002 -14"><span class='ocrx_word' id='word_1_138' title='bbox 298 1393 415 1439; x_wconf 83' lang='lat' dir='ltr'>Quod</span> <span class='ocrx_word' id='word_1_139' title='bbox 451 1394 559 1444; x_wconf 90' lang='lat' dir='ltr'>apud</span> <span class='ocrx_word' id='word_1_140' title='bbox 597 1399 752 1431; x_wconf 90' lang='lat' dir='ltr'>ceteros</span> <span class='ocrx_word' id='word_1_141' title='bbox 789 1407 946 1442; x_wconf 85' lang='lat' dir='ltr'>quoque</span> <span class='ocrx_word' id='word_1_142' title='bbox 985 1394 1203 1443; x_wconf 82' lang='lat' dir='ltr'>scriptores</span> <span class='ocrx_word' id='word_1_143' title='bbox 1241 1394 1392 1443; x_wconf 86' lang='lat' dir='ltr'>evenit,</span> <span class='ocrx_word' id='word_1_144' title='bbox 1435 1394 1594 1432; x_wconf 91' lang='lat' dir='ltr'>libellus</span> 
     </span>
     <span class='ocr_line' id='line_1_19' title="bbox 192 1456 1594 1497; baseline 0.002 -3"><span class='ocrx_word' id='word_1_145' title='bbox 192 1461 332 1494; x_wconf 89' lang='lat' dir='ltr'>noster</span> <span class='ocrx_word' id='word_1_146' title='bbox 359 1470 449 1495; x_wconf 88' lang='lat' dir='ltr'>raro</span> <span class='ocrx_word' id='word_1_147' title='bbox 478 1462 636 1495; x_wconf 85' lang='lat' dir='ltr'>tantum</span> <span class='ocrx_word' id='word_1_148' title='bbox 663 1470 686 1495; x_wconf 88' lang='lat' dir='ltr'>a</span> <span class='ocrx_word' id='word_1_149' title='bbox 712 1457 953 1496; x_wconf 89' lang='lat' dir='ltr'>lectionibus</span> <span class='ocrx_word' id='word_1_150' title='bbox 976 1456 1103 1495; x_wconf 89' lang='lat' dir='ltr'>Solini</span> <span class='ocrx_word' id='word_1_151' title='bbox 1132 1457 1305 1495; x_wconf 83' lang='lat' dir='ltr'>discedit</span> <span class='ocrx_word' id='word_1_152' title='bbox 1333 1464 1402 1495; x_wconf 89' lang='lat' dir='ltr'>aut</span> <span class='ocrx_word' id='word_1_153' title='bbox 1430 1471 1509 1496; x_wconf 89' lang='lat' dir='ltr'>uno</span> <span class='ocrx_word' id='word_1_154' title='bbox 1530 1459 1594 1497; x_wconf 87' lang='lat' dir='ltr'>vel</span> 
     </span>
     <span class='ocr_line' id='line_1_20' title="bbox 195 1520 1592 1571; baseline 0.001 -13"><span class='ocrx_word' id='word_1_155' title='bbox 195 1520 354 1558; x_wconf 83' lang='lat' dir='ltr'>duobus</span> <span class='ocrx_word' id='word_1_156' title='bbox 382 1520 518 1558; x_wconf 79' lang='lat' dir='ltr'>verbis</span> <span class='ocrx_word' id='word_1_157' title='bbox 547 1520 715 1558; x_wconf 89' lang='lat' dir='ltr'>adiectis</span> <span class='ocrx_word' id='word_1_158' title='bbox 744 1526 813 1558; x_wconf 90' lang='lat' dir='ltr'>aut</span> <span class='ocrx_word' id='word_1_159' title='bbox 841 1520 974 1558; x_wconf 85' lang='lat' dir='ltr'>littera</span> <span class='ocrx_word' id='word_1_160' title='bbox 995 1525 1147 1558; x_wconf 86' lang='lat' dir='ltr'>mutata</span> <span class='ocrx_word' id='word_1_161' title='bbox 1167 1520 1274 1569; x_wconf 90' lang='lat' dir='ltr'>quod</span> <span class='ocrx_word' id='word_1_162' title='bbox 1294 1521 1454 1571; x_wconf 88' lang='lat' dir='ltr'>saepius</span> <span class='ocrx_word' id='word_1_163' title='bbox 1474 1522 1592 1559; x_wconf 89' lang='lat' dir='ltr'>libra-</span> 
     </span>
     <span class='ocr_line' id='line_1_21' title="bbox 190 1583 974 1634; baseline 0.001 -13"><span class='ocrx_word' id='word_1_164' title='bbox 190 1583 248 1622; x_wconf 90' lang='lat' dir='ltr'>rio</span> <span class='ocrx_word' id='word_1_165' title='bbox 281 1583 386 1622; x_wconf 85' lang='lat' dir='ltr'>falso</span> <span class='ocrx_word' id='word_1_166' title='bbox 415 1583 566 1633; x_wconf 87' lang='lat' dir='ltr'>legenti</span> <span class='ocrx_word' id='word_1_167' title='bbox 594 1584 802 1633; x_wconf 87' lang='lat' dir='ltr'>adsignari</span> <span class='ocrx_word' id='word_1_168' title='bbox 828 1589 974 1634; x_wconf 88' lang='lat' dir='ltr'>potest.</span> 
     </span>
    </p>

    <p class='ocr_par' dir='ltr' id='par_1_4' title="bbox 188 1647 1592 2404">
     <span class='ocr_line' id='line_1_22' title="bbox 298 1647 1592 1696; baseline 0.003 -11"><span class='ocrx_word' id='word_1_169' title='bbox 298 1647 492 1686; x_wconf 73' lang='lat' dir='ltr'>Martiani</span> <span class='ocrx_word' id='word_1_170' title='bbox 533 1661 690 1696; x_wconf 81' lang='lat' dir='ltr'>quoque</span> <span class='ocrx_word' id='word_1_171' title='bbox 731 1648 1030 1686; x_wconf 81' lang='lat' dir='ltr'>vetustissimos</span> <span class='ocrx_word' id='word_1_172' title='bbox 1076 1648 1234 1686; x_wconf 89' lang='lat' dir='ltr'>codices</span> <span class='ocrx_word' id='word_1_173' title='bbox 1279 1654 1417 1687; x_wconf 89' lang='lat' dir='ltr'>noster</span> <span class='ocrx_word' id='word_1_174' title='bbox 1462 1656 1592 1690; x_wconf 83' lang='lat' dir='ltr'>aetate</span> 
     </span>
     <span class='ocr_line' id='line_1_23' title="bbox 192 1711 1592 1766; baseline 0.004 -18"><span class='ocrx_word' id='word_1_175' title='bbox 192 1711 405 1761; x_wconf 84' lang='lat' dir='ltr'>antecedit,</span> <span class='ocrx_word' id='word_1_176' title='bbox 436 1711 529 1761; x_wconf 88' lang='lat' dir='ltr'>quia</span> <span class='ocrx_word' id='word_1_177' title='bbox 556 1711 615 1749; x_wconf 85' lang='lat' dir='ltr'>illi</span> <span class='ocrx_word' id='word_1_178' title='bbox 644 1717 712 1750; x_wconf 91' lang='lat' dir='ltr'>aut</span> <span class='ocrx_word' id='word_1_179' title='bbox 741 1712 901 1750; x_wconf 89' lang='lat' dir='ltr'>saeculo</span> <span class='ocrx_word' id='word_1_180' title='bbox 931 1712 1084 1751; x_wconf 89' lang='lat' dir='ltr'>decimo</span> <span class='ocrx_word' id='word_1_181' title='bbox 1113 1718 1183 1750; x_wconf 86' lang='lat' dir='ltr'>aut</span> <span class='ocrx_word' id='word_1_182' title='bbox 1210 1713 1420 1752; x_wconf 88' lang='lat' dir='ltr'>undecimo</span> <span class='ocrx_word' id='word_1_183' title='bbox 1450 1716 1592 1766; x_wconf 86' lang='lat' dir='ltr'>scripti</span> 
     </span>
     <span class='ocr_line' id='line_1_24' title="bbox 193 1776 1590 1830; baseline 0.004 -17"><span class='ocrx_word' id='word_1_184' title='bbox 193 1781 299 1815; x_wconf 89' lang='lat' dir='ltr'>sunt.</span> <span class='ocrx_word' id='word_1_185' title='bbox 357 1776 438 1814; x_wconf 84' lang='lat' dir='ltr'>Sed</span> <span class='ocrx_word' id='word_1_186' title='bbox 472 1782 607 1815; x_wconf 82' lang='lat' dir='ltr'>textus</span> <span class='ocrx_word' id='word_1_187' title='bbox 642 1782 781 1815; x_wconf 89' lang='lat' dir='ltr'>noster</span> <span class='ocrx_word' id='word_1_188' title='bbox 809 1776 867 1815; x_wconf 88' lang='lat' dir='ltr'>eis</span> <span class='ocrx_word' id='word_1_189' title='bbox 894 1777 1101 1827; x_wconf 84' lang='lat' dir='ltr'>proximus</span> <span class='ocrx_word' id='word_1_190' title='bbox 1131 1782 1204 1826; x_wconf 88' lang='lat' dir='ltr'>est,</span> <span class='ocrx_word' id='word_1_191' title='bbox 1243 1779 1348 1827; x_wconf 81' lang='lat' dir='ltr'>quod</span> <span class='ocrx_word' id='word_1_192' title='bbox 1378 1779 1458 1817; x_wconf 90' lang='lat' dir='ltr'>iam</span> <span class='ocrx_word' id='word_1_193' title='bbox 1485 1780 1590 1830; x_wconf 89' lang='lat' dir='ltr'>apud</span> 
     </span>
     <span class='ocr_line' id='line_1_25' title="bbox 190 1839 1588 1883; baseline 0.004 -6"><span class='ocrx_word' id='word_1_194' title='bbox 190 1839 337 1878; x_wconf 82' lang='lat' dir='ltr'>Melam</span> <span class='ocrx_word' id='word_1_195' title='bbox 365 1846 405 1878; x_wconf 89' lang='lat' dir='ltr'>et</span> <span class='ocrx_word' id='word_1_196' title='bbox 425 1840 605 1878; x_wconf 86' lang='lat' dir='ltr'>Solinum</span> <span class='ocrx_word' id='word_1_197' title='bbox 634 1841 874 1879; x_wconf 85' lang='lat' dir='ltr'>notavimus.</span> <span class='ocrx_word' id='word_1_198' title='bbox 914 1841 1079 1880; x_wconf 86' lang='lat' dir='ltr'>Perraro</span> <span class='ocrx_word' id='word_1_199' title='bbox 1108 1842 1227 1880; x_wconf 86' lang='lat' dir='ltr'>lectio</span> <span class='ocrx_word' id='word_1_200' title='bbox 1256 1848 1394 1881; x_wconf 87' lang='lat' dir='ltr'>nostra</span> <span class='ocrx_word' id='word_1_201' title='bbox 1423 1857 1445 1881; x_wconf 86' lang='lat' dir='ltr'>a</span> <span class='ocrx_word' id='word_1_202' title='bbox 1475 1845 1588 1883; x_wconf 88' lang='lat' dir='ltr'>codd.</span> 
     </span>
     <span class='ocr_line' id='line_1_26' title="bbox 192 1902 1591 1955; baseline 0.005 -15"><span class='ocrx_word' id='word_1_203' title='bbox 192 1902 328 1940; x_wconf 85' lang='lat' dir='ltr'>BRD</span> <span class='ocrx_word' id='word_1_204' title='bbox 357 1903 530 1942; x_wconf 87' lang='lat' dir='ltr'>discedit</span> <span class='ocrx_word' id='word_1_205' title='bbox 558 1909 678 1952; x_wconf 82' lang='lat' dir='ltr'>atque</span> <span class='ocrx_word' id='word_1_206' title='bbox 706 1910 803 1942; x_wconf 92' lang='lat' dir='ltr'>tunc</span> <span class='ocrx_word' id='word_1_207' title='bbox 830 1909 986 1943; x_wconf 89' lang='lat' dir='ltr'>tantum</span> <span class='ocrx_word' id='word_1_208' title='bbox 1015 1905 1196 1955; x_wconf 88' lang='lat' dir='ltr'>saepius,</span> <span class='ocrx_word' id='word_1_209' title='bbox 1236 1920 1325 1944; x_wconf 91' lang='lat' dir='ltr'>cum</span> <span class='ocrx_word' id='word_1_210' title='bbox 1353 1913 1423 1945; x_wconf 88' lang='lat' dir='ltr'>aut</span> <span class='ocrx_word' id='word_1_211' title='bbox 1451 1915 1591 1947; x_wconf 86' lang='lat' dir='ltr'>auctor</span> 
     </span>
     <span class='ocr_line' id='line_1_27' title="bbox 189 1967 1591 2021; baseline 0.005 -17"><span class='ocrx_word' id='word_1_212' title='bbox 189 1972 258 2004; x_wconf 91' lang='lat' dir='ltr'>aut</span> <span class='ocrx_word' id='word_1_213' title='bbox 285 1967 472 2006; x_wconf 91' lang='lat' dir='ltr'>librarius</span> <span class='ocrx_word' id='word_1_214' title='bbox 501 1981 628 2016; x_wconf 86' lang='lat' dir='ltr'>aequo</span> <span class='ocrx_word' id='word_1_215' title='bbox 667 1969 940 2018; x_wconf 83' lang='lat' dir='ltr'>negligentius</span> <span class='ocrx_word' id='word_1_216' title='bbox 972 1969 1274 2021; x_wconf 86' lang='lat' dir='ltr'>descripserunt</span> <span class='ocrx_word' id='word_1_217' title='bbox 1309 1972 1415 2020; x_wconf 83' lang='lat' dir='ltr'>quod</span> <span class='ocrx_word' id='word_1_218' title='bbox 1443 1973 1483 2010; x_wconf 90' lang='lat' dir='ltr'>in</span> <span class='ocrx_word' id='word_1_219' title='bbox 1513 1973 1591 2011; x_wconf 87' lang='lat' dir='ltr'>fine</span> 
     </span>
     <span class='ocr_line' id='line_1_28' title="bbox 188 2029 1589 2084; baseline 0.005 -16"><span class='ocrx_word' id='word_1_220' title='bbox 188 2029 314 2069; x_wconf 87' lang='lat' dir='ltr'>libelli</span> <span class='ocrx_word' id='word_1_221' title='bbox 340 2031 491 2070; x_wconf 84' lang='lat' dir='ltr'>factum</span> <span class='ocrx_word' id='word_1_222' title='bbox 520 2045 609 2070; x_wconf 90' lang='lat' dir='ltr'>esse</span> <span class='ocrx_word' id='word_1_223' title='bbox 637 2038 815 2083; x_wconf 87' lang='lat' dir='ltr'>apparet.</span> <span class='ocrx_word' id='word_1_224' title='bbox 857 2033 907 2071; x_wconf 91' lang='lat' dir='ltr'>In</span> <span class='ocrx_word' id='word_1_225' title='bbox 934 2034 1074 2084; x_wconf 86' lang='lat' dir='ltr'>primis</span> <span class='ocrx_word' id='word_1_226' title='bbox 1102 2040 1238 2073; x_wconf 81' lang='lat' dir='ltr'>textus</span> <span class='ocrx_word' id='word_1_227' title='bbox 1268 2036 1473 2075; x_wconf 88' lang='lat' dir='ltr'>codicibus</span> <span class='ocrx_word' id='word_1_228' title='bbox 1501 2037 1589 2075; x_wconf 88' lang='lat' dir='ltr'>BR</span> 
     </span>
     <span class='ocr_line' id='line_1_29' title="bbox 190 2094 1590 2150; baseline 0.007 -19"><span class='ocrx_word' id='word_1_229' title='bbox 190 2094 337 2133; x_wconf 87' lang='lat' dir='ltr'>adfinis</span> <span class='ocrx_word' id='word_1_230' title='bbox 367 2102 438 2145; x_wconf 90' lang='lat' dir='ltr'>est,</span> <span class='ocrx_word' id='word_1_231' title='bbox 468 2095 663 2135; x_wconf 87' lang='lat' dir='ltr'>lectiones</span> <span class='ocrx_word' id='word_1_232' title='bbox 693 2098 796 2135; x_wconf 89' lang='lat' dir='ltr'>enim</span> <span class='ocrx_word' id='word_1_233' title='bbox 826 2103 982 2136; x_wconf 83' lang='lat' dir='ltr'>tantum</span> <span class='ocrx_word' id='word_1_234' title='bbox 1012 2112 1035 2136; x_wconf 92' lang='lat' dir='ltr'>a</span> <span class='ocrx_word' id='word_1_235' title='bbox 1063 2098 1100 2136; x_wconf 95' lang='lat' dir='ltr'>D</span> <span class='ocrx_word' id='word_1_236' title='bbox 1131 2099 1331 2138; x_wconf 77' lang='lat' dir='ltr'>exhibitae</span> <span class='ocrx_word' id='word_1_237' title='bbox 1358 2102 1499 2150; x_wconf 84' lang='lat' dir='ltr'>paucis</span> <span class='ocrx_word' id='word_1_238' title='bbox 1528 2116 1590 2141; x_wconf 91' lang='lat' dir='ltr'>oc-</span> 
     </span>
     <span class='ocr_line' id='line_1_30' title="bbox 190 2160 1586 2213; baseline 0.006 -17"><span class='ocrx_word' id='word_1_239' title='bbox 190 2164 357 2197; x_wconf 87' lang='lat' dir='ltr'>currunt</span> <span class='ocrx_word' id='word_1_240' title='bbox 392 2160 503 2199; x_wconf 82' lang='lat' dir='ltr'>locis.</span> <span class='ocrx_word' id='word_1_241' title='bbox 561 2160 640 2199; x_wconf 84' lang='lat' dir='ltr'>Sed</span> <span class='ocrx_word' id='word_1_242' title='bbox 676 2167 715 2199; x_wconf 88' lang='lat' dir='ltr'>et</span> <span class='ocrx_word' id='word_1_243' title='bbox 749 2168 889 2200; x_wconf 89' lang='lat' dir='ltr'>noster</span> <span class='ocrx_word' id='word_1_244' title='bbox 917 2164 1079 2213; x_wconf 86' lang='lat' dir='ltr'>saepius</span> <span class='ocrx_word' id='word_1_245' title='bbox 1116 2170 1365 2203; x_wconf 85' lang='lat' dir='ltr'>correcturas</span> <span class='ocrx_word' id='word_1_246' title='bbox 1394 2166 1418 2203; x_wconf 94' lang='lat' dir='ltr'>b</span> <span class='ocrx_word' id='word_1_247' title='bbox 1447 2166 1503 2204; x_wconf 87' lang='lat' dir='ltr'>Bl</span> <span class='ocrx_word' id='word_1_248' title='bbox 1532 2167 1586 2205; x_wconf 63' lang='grc' dir='ltr'>ΕΙ</span> 
     </span>
     <span class='ocr_line' id='line_1_31' title="bbox 191 2221 1588 2279; baseline 0.007 -20"><span class='ocrx_word' id='word_1_249' title='bbox 191 2221 257 2271; x_wconf 88' lang='lat' dir='ltr'>(cf.</span> <span class='ocrx_word' id='word_1_250' title='bbox 287 2223 510 2262; x_wconf 87' lang='lat' dir='ltr'>Martianus</span> <span class='ocrx_word' id='word_1_251' title='bbox 541 2223 704 2275; x_wconf 82' lang='lat' dir='ltr'>Capella</span> <span class='ocrx_word' id='word_1_252' title='bbox 733 2225 793 2263; x_wconf 90' lang='lat' dir='ltr'>ed.</span> <span class='ocrx_word' id='word_1_253' title='bbox 814 2226 1098 2276; x_wconf 87' lang='lat' dir='ltr'>Eyssenhardt</span> <span class='ocrx_word' id='word_1_254' title='bbox 1116 2241 1154 2278; x_wconf 89' lang='lat' dir='ltr'>p.</span> <span class='ocrx_word' id='word_1_255' title='bbox 1175 2229 1246 2279; x_wconf 87' lang='lat' dir='ltr'>XI)</span> <span class='ocrx_word' id='word_1_256' title='bbox 1274 2230 1451 2279; x_wconf 88' lang='lat' dir='ltr'>praebet,</span> <span class='ocrx_word' id='word_1_257' title='bbox 1481 2231 1588 2270; x_wconf 88' lang='lat' dir='ltr'>unde</span> 
     </span>
     <span class='ocr_line' id='line_1_32' title="bbox 191 2285 1585 2342; baseline 0.009 -21"><span class='ocrx_word' id='word_1_258' title='bbox 191 2285 377 2333; x_wconf 89' lang='lat' dir='ltr'>colligere</span> <span class='ocrx_word' id='word_1_259' title='bbox 414 2287 524 2337; x_wconf 88' lang='lat' dir='ltr'>licet,</span> <span class='ocrx_word' id='word_1_260' title='bbox 564 2295 770 2327; x_wconf 88' lang='lat' dir='ltr'>auctorem</span> <span class='ocrx_word' id='word_1_261' title='bbox 804 2303 922 2328; x_wconf 90' lang='lat' dir='ltr'>usum</span> <span class='ocrx_word' id='word_1_262' title='bbox 951 2304 1041 2329; x_wconf 86' lang='lat' dir='ltr'>esse</span> <span class='ocrx_word' id='word_1_263' title='bbox 1071 2292 1225 2342; x_wconf 90' lang='lat' dir='ltr'>codice,</span> <span class='ocrx_word' id='word_1_264' title='bbox 1262 2306 1310 2331; x_wconf 82' lang='lat' dir='ltr'>ex</span> <span class='ocrx_word' id='word_1_265' title='bbox 1340 2307 1417 2342; x_wconf 89' lang='lat' dir='ltr'>quo</span> <span class='ocrx_word' id='word_1_266' title='bbox 1445 2294 1585 2333; x_wconf 81' lang='lat' dir='ltr'>BRD</span> 
     </span>
     <span class='ocr_line' id='line_1_33' title="bbox 190 2347 1586 2404; baseline 0.009 -19"><span class='ocrx_word' id='word_1_267' title='bbox 190 2348 215 2385; x_wconf 94' lang='lat' dir='ltr'>b</span> <span class='ocrx_word' id='word_1_268' title='bbox 232 2347 359 2386; x_wconf 62' lang='grc' dir='ltr'>ΒΙΒι</span> <span class='ocrx_word' id='word_1_269' title='bbox 387 2353 648 2390; x_wconf 90' lang='lat' dir='ltr'>manaverint.</span> <span class='ocrx_word' id='word_1_270' title='bbox 688 2352 816 2399; x_wconf 86' lang='lat' dir='ltr'>Quem</span> <span class='ocrx_word' id='word_1_271' title='bbox 843 2355 943 2393; x_wconf 87' lang='lat' dir='ltr'>satis</span> <span class='ocrx_word' id='word_1_272' title='bbox 972 2355 1181 2404; x_wconf 85' lang='lat' dir='ltr'>antiquum</span> <span class='ocrx_word' id='word_1_273' title='bbox 1209 2355 1336 2395; x_wconf 87' lang='lat' dir='ltr'>fuisse</span> <span class='ocrx_word' id='word_1_274' title='bbox 1356 2357 1463 2396; x_wconf 83' lang='lat' dir='ltr'>haud</span> <span class='ocrx_word' id='word_1_275' title='bbox 1482 2359 1586 2399; x_wconf 86' lang='lat' dir='ltr'>falso</span> 
     </span>
    </p>
   </div>
   <div class='ocr_carea' id='block_1_3' title="bbox 225 2445 344 2451">
    <p class='ocr_par' dir='ltr' id='par_1_5' title="bbox 225 2445 344 2451">
     <span class='ocr_line' id='line_1_34' title="bbox 225 2445 344 2451; baseline 0 0"><span class='ocrx_word' id='word_1_276' title='bbox 225 2445 344 2451; x_wconf 95' lang='lat' dir='ltr'> </span> 
     </span>
    </p>
   </div>
   <div class='ocr_carea' id='block_1_4' title="bbox 189 2495 1586 2605">
    <p class='ocr_par' dir='ltr' id='par_1_6' title="bbox 189 2495 1586 2605">
     <span class='ocr_line' id='line_1_35' title="bbox 288 2495 1586 2549; baseline 0.008 -21"><span class='ocrx_word' id='word_1_277' title='bbox 288 2496 299 2520; x_wconf 93' lang='lat'>1</span> <span class='ocrx_word' id='word_1_278' title='bbox 324 2496 348 2530; x_wconf 94' lang='grc'>1.</span> <span class='ocrx_word' id='word_1_279' title='bbox 374 2495 396 2528; x_wconf 93' lang='lat' dir='ltr'>l.</span> <span class='ocrx_word' id='word_1_280' title='bbox 423 2507 459 2540; x_wconf 87' lang='lat' dir='ltr'>p.</span> <span class='ocrx_word' id='word_1_281' title='bbox 484 2497 556 2532; x_wconf 88' lang='lat' dir='ltr'>LX.</span> <span class='ocrx_word' id='word_1_282' title='bbox 606 2498 792 2533; x_wconf 84' lang='lat' dir='ltr'>Sententia</span> <span class='ocrx_word' id='word_1_283' title='bbox 822 2506 944 2535; x_wconf 85' lang='lat' dir='ltr'>nostra</span> <span class='ocrx_word' id='word_1_284' title='bbox 982 2503 1056 2535; x_wconf 86' lang='lat' dir='ltr'>iam</span> <span class='ocrx_word' id='word_1_285' title='bbox 1084 2513 1124 2536; x_wconf 87' lang='lat' dir='ltr'>eo</span> <span class='ocrx_word' id='word_1_286' title='bbox 1151 2505 1335 2547; x_wconf 61' lang='lat' dir='ltr'>probatur,</span> <span class='ocrx_word' id='word_1_287' title='bbox 1364 2506 1459 2549; x_wconf 89' lang='lat' dir='ltr'>quod</span> <span class='ocrx_word' id='word_1_288' title='bbox 1486 2507 1586 2539; x_wconf 67' lang='lat' dir='ltr'>index</span> 
     </span>
     <span class='ocr_line' id='line_1_36' title="bbox 189 2555 1584 2605; baseline 0.009 -20"><span class='ocrx_word' id='word_1_289' title='bbox 189 2555 519 2588; x_wconf 84' lang='lat' dir='ltr'>contaminatorum</span> <span class='ocrx_word' id='word_1_290' title='bbox 551 2555 712 2589; x_wconf 83' lang='lat' dir='ltr'>codieum</span> <span class='ocrx_word' id='word_1_291' title='bbox 739 2558 938 2601; x_wconf 60' lang='lat' dir='ltr'>,polyhistor</span> <span class='ocrx_word' id='word_1_292' title='bbox 971 2571 1036 2604; x_wconf 87' lang='lat' dir='ltr'>pro</span> <span class='ocrx_word' id='word_1_293' title='bbox 1062 2561 1265 2605; x_wconf 72' lang='lat' dir='ltr'>,collectanea</span> <span class='ocrx_word' id='word_1_294' title='bbox 1290 2575 1401 2596; x_wconf 84' lang='lat' dir='ltr'>rerum</span> <span class='ocrx_word' id='word_1_295' title='bbox 1425 2575 1584 2597; x_wconf 85' lang='lat' dir='ltr'>memora·</span> 
     </span>
    </p>
   </div>
   <div class='ocr_carea' id='block_1_5' title="bbox 189 2610 1640 2656">
    <p class='ocr_par' dir='ltr' id='par_1_7' title="bbox 189 2610 1640 2656">
     <span class='ocr_line' id='line_1_37' title="bbox 189 2610 1640 2656; baseline 0.01 -14"><span class='ocrx_word' id='word_1_296' title='bbox 189 2610 317 2643; x_wconf 75' lang='lat' dir='ltr'>biliam·</span> <span class='ocrx_word' id='word_1_297' title='bbox 353 2613 513 2646; x_wconf 85' lang='lat' dir='ltr'>exhibet.</span> <span class='ocrx_word' id='word_1_298' title='bbox 565 2614 693 2648; x_wconf 78' lang='lat' dir='ltr'>Noster</span> <span class='ocrx_word' id='word_1_299' title='bbox 724 2619 845 2649; x_wconf 83' lang='lat' dir='ltr'>autem</span> <span class='ocrx_word' id='word_1_300' title='bbox 878 2628 948 2651; x_wconf 90' lang='lat' dir='ltr'>non</span> <span class='ocrx_word' id='word_1_301' title='bbox 982 2619 1147 2653; x_wconf 86' lang='lat' dir='ltr'>libellum</span> <span class='ocrx_word' id='word_1_302' title='bbox 1184 2621 1454 2655; x_wconf 85' lang='lat' dir='ltr'>Polistoriarum</span> <span class='ocrx_word' id='word_1_303' title='bbox 1482 2628 1584 2656; x_wconf 79' lang='lat' dir='ltr'>vocat</span> <span class='ocrx_word' id='word_1_304' title='bbox 1637 2652 1640 2655; x_wconf 19' lang='grc' dir='ltr'><em>Α</em></span> 
     </span>
    </p>
   </div>
   <div class='ocr_carea' id='block_1_6' title="bbox 190 2669 452 2705">
    <p class='ocr_par' dir='ltr' id='par_1_8' title="bbox 190 2669 452 2705">
     <span class='ocr_line' id='line_1_38' title="bbox 190 2669 452 2705; baseline 0.008 -2"><span class='ocrx_word' id='word_1_305' title='bbox 190 2669 252 2703; x_wconf 85' lang='lat' dir='ltr'>sed</span> <span class='ocrx_word' id='word_1_306' title='bbox 279 2671 452 2705; x_wconf 86' lang='lat' dir='ltr'>Solinum.</span> 
     </span>
    </p>
   </div>
  </div>
 </body>
</html>
