1916 3254
943 257 1206 294 —80-

369 369 547 416 Quorum
567 368 739 416 Gangen
759 366 922 415 quidam
950 365 1132 405 fontibus
1160 365 1326 404 incertis
1354 367 1467 405 nasci
1487 371 1527 404 et
1545 367 1631 405 Nili
1649 366 1768 405 modo

368 433 548 471 exultare
578 431 840 480 contendunt,
869 429 939 468 alii
968 430 1110 468 volunt
1139 429 1343 480 Scithycis
1371 430 1575 469 montibus
1609 431 1769 469 exoriri.

365 496 552 546 Hypanis
581 495 702 533 etiam
729 495 787 533 ibi
815 493 1094 533 nobilissimus
1122 493 1272 533 fluvius
1302 494 1370 543 qui
1389 494 1612 532 Alexandri
1630 495 1770 544 Magni

364 560 442 598 iter
482 558 716 597 terminavit
757 558 878 597 sicuti
919 572 1011 597 arae
1045 559 1083 596 in
1128 559 1217 608 ripa
1258 559 1345 597 eius
1387 558 1543 609 positae
1584 559 1768 609 probant.

319 631 339 662 5
365 622 533 662 Minima
561 622 726 672 Ganges
764 621 935 661 latitudo
970 636 1043 673 per
1071 627 1161 660 octo
1200 622 1311 660 milia
1344 635 1555 672 passuum,
1599 621 1771 659 maxima

363 701 437 737 per
464 686 611 735 viginti
638 692 767 737 patet3
804 686 974 724 altitudo
1004 687 1074 724 ubi
1102 685 1396 724 vadosissimus
1425 690 1505 735 est,
1541 698 1771 724 mensuram

365 755 526 789 centum
570 750 717 801 pedum
765 751 944 790 devorat.
1000 750 1254 799 Gangarides
1302 750 1475 788 extimus
1521 754 1584 788 est
1628 749 1771 788 Indiae

364 815 550 865 populus,
580 815 695 853 cuius
723 828 795 853 rex
822 814 1004 864 aequites
1032 815 1178 862 millae,
1209 815 1445 865 elephantos
1475 813 1769 863 septingentos,

364 878 546 928 peditum
575 879 786 928 sexaginta
814 879 921 916 milia
952 879 992 916 in
1032 884 1230 929 apparatu
1268 878 1364 916 belli
1391 878 1525 917 habet.
1581 877 1772 916 Indorum

296 950 341 983 10
365 943 528 991 quidam
556 957 675 992 agros
704 948 903 993 exercent,
935 942 1119 981 militiam
1144 942 1320 993 plurimi,
1349 955 1502 981 merces
1522 942 1600 991 alii,
1632 941 1773 991 optimi

365 1006 635 1056 ditissimique
662 1020 728 1045 res
763 1008 946 1057 publicas
975 1012 1138 1056 curant,
1176 1007 1353 1045 reddunt
1390 1006 1554 1056 iuditia,
1584 1006 1773 1044 adsident

364 1071 549 1119 regibus,
593 1072 773 1120 quietum
808 1072 865 1110 ibi
899 1071 1241 1110 eminentissimae
1276 1071 1498 1121 sapientiae
1528 1085 1657 1121 genus
1697 1076 1771 1121 est,

364 1135 449 1173 Vita
476 1135 653 1184 repletos
683 1136 859 1174 incensis
887 1136 998 1184 rogis
1018 1142 1187 1174 mortem
1209 1148 1434 1182 accersere;
1465 1135 1533 1184 qui
1553 1148 1647 1173 vero
1668 1135 1772 1173 fero-

366 1198 464 1236 ciori
501 1203 635 1237 sectae
671 1212 715 1237 se
751 1199 950 1237 dederunt
986 1204 1027 1237 et
1061 1199 1294 1237 silvestrem
1337 1204 1465 1248 agunt
1506 1199 1652 1249 vitam,
1696 1200 1773 1238 ele-

295 1271 339 1302 15
363 1263 536 1312 phantes
564 1268 766 1301 venantur
794 1263 942 1312 quibus
971 1263 1212 1313 perdomitis
1241 1263 1292 1301 ad
1325 1263 1676 1302 mansuetudinem
1704 1270 1773 1302 aut

365 1331 481 1364 arant
523 1331 592 1364 aut
633 1327 848 1366 vehuntur.
911 1327 958 1366 In
987 1327 1129 1377 Gange
1171 1328 1304 1366 insula
1346 1334 1408 1366 est
1449 1327 1774 1378 populosissima,

365 1390 654 1440 amplissimam
683 1392 923 1441 contingens
951 1397 1125 1442 gentem,
1156 1402 1427 1442 quorum-rex
1454 1392 1638 1442 peditum
1659 1393 1774 1442 quin-

365 1455 557 1503 quaginta
600 1456 726 1505 milia,
766 1457 972 1505 aequitum
1015 1457 1310 1506 quinquaginta
1345 1462 1538 1506 quattuor
1580 1457 1691 1495 milia
1733 1457 1775 1494 in

366 1517 487 1556 armis
529 1519 662 1558 habet.
720 1519 869 1559 Omnes
906 1534 1003 1559 sane
1039 1521 1268 1570 quic-unque
1307 1521 1483 1571 praediti
1525 1528 1621 1559 sunt
1662 1520 1774 1570 regia

295 1584 342 1617 20
365 1587 580 1632 potestate,
618 1596 698 1621 non
728 1584 816 1622 sine
844 1585 1092 1623 incremento
1128 1585 1458 1635 aelephantorum
1494 1585 1676 1634 equitatu
1705 1598 1772 1635 pe-

367 1645 574 1695 ditumque
604 1660 770 1685 numero
791 1648 1005 1686 militarem
1024 1649 1181 1697 agitant
1202 1649 1467 1699 disciplinam.
1507 1648 1651 1686 Prasia
1670 1661 1770 1697 gens

366 1709 629 1749 validissima.
677 1711 927 1750 Palibotram
956 1713 1097 1750 urbem
1126 1713 1318 1761 incolunt,
1349 1713 1457 1750 unde
1487 1712 1649 1761 quidam
1678 1726 1774 1762 gen-

365 1779 428 1812 tes
456 1774 586 1824 ipsam
616 1775 864 1814 Palibotram
894 1777 1222 1815 nominaverunt.
1279 1776 1459 1822 Quorum
1488 1790 1560 1815 iex
1588 1788 1774 1816 sescenta

366 1838 475 1876 milia
509 1839 706 1889 peditum,
752 1841 932 1889 equitum
970 1840 1138 1890 tiiginta
1174 1840 1302 1890 milia,
1350 1841 1655 1892 elephantorum
1685 1848 1772 1880 octo

296 1908 341 1941 25
365 1901 475 1939 milia
504 1902 689 1941 omnibus
719 1903 863 1942 diebus
893 1905 943 1942 ad
973 1905 1179 1954 stipendia
1207 1912 1336 1945 v.ocat

474 1966 620 2004 L’ltr'a
615 1981 622 1993 ¹
657 1967 901 2005 I'alibotram
940 1981 1054 2006 mons
1084 1969 1241 2007 Maleus
1271 1969 1310 2006 in
1341 1982 1418 2018 quo
1450 1970 1613 2007 umbrae
1643 1969 1774 2007 hieme

473 2130 496 2165 ἱ).
526 2142 547 2166 a
578 2129 781 2179 Sc3tliicis
810 2130 887 2168 Sol.
946 2131 991 2167 11
1023 2131 1106 2169 icas
1137 2133 1175 2169 ίιι
1205 2133 1340 2170 lacuna
1397 2131 1538 2170 adside
1570 2146 1605 2170 en
1637 2133 1773 2170 lacuna

370 2194 417 2229 13
448 2206 479 2230 (1.
510 2193 689 2243 iepletis,
720 2207 816 2232 co».
839 2208 883 2232 os
940 2195 1121 2247 mmtem]
1154 2204 1191 2233 rt
1223 2210 1258 2233 m
1290 2197 1427 2234 lacuna
1485 2197 1531 2233 17
1563 2194 1774 2235 continens

368 2256 444 2295 Sol.
544 2259 592 2295 18
621 2257 797 2306 equitum
829 2267 1018 2307 quattuo1
1047 2259 1123 2298 Sul.
1155 2260 1341 2309 (LGHP
1370 2260 1477 2309 Dic.)
1562 2274 1592 2299 c.
1623 2251 1774 2299 'harmis

368 2323 419 2358 20
447 2321 533 2359 sine
563 2323 735 2360 maximo
765 2323 891 2372 eleph.
924 2322 1002 2360 Sul.
1132 2338 1163 2361 c.
1197 2323 1349 2372 eqitatu
1379 2337 1476 2362 corr.
1509 2338 1563 2374 qu
1665 2325 1774 2373 equi-

369 2392 453 2423 tuin
483 2386 602 2424 etiam
634 2386 756 2437 pedit.
795 2386 870 2426 Sol.
903 2388 975 2440 (Η
1068 2388 1117 2424 22
1148 2388 1422 2426 Palibothram
1452 2388 1530 2427 Sol.
1613 2394 1776 2438 gentem

368 2450 392 2487 i.
416 2450 670 2489 l'alibothios
691 2450 768 2489 Sol.
827 2456 874 2491 25
897 2458 1086 2490 sexcenta
1119 2452 1194 2490 sol.
1253 2454 1301 2490 22>
1324 2453 1571 2503 stipendium
1601 2453 1678 2492 Sol.
1701 2453 1774 2505 (H)

370 2513 420 2550 26
450 2514 726 2552 Palibothram
757 2514 833 2553 Sol.

472 2674 477 2697 Ι
508 2673 554 2706 ib.
582 2673 653 2706 LII.
682 2674 830 2707 13—16.
861 2675 1008 2709 'IS—23³1.
