1916 3254
294 1020 339 1052 10

298 1342 341 1375 15

297 1664 344 1697 20

937 354 984 358 .-
1040 333 1196 369 45—

363 443 517 481 consite
537 441 689 480 vitibus
711 447 750 479 et
770 441 964 480 arbustis:
996 442 1128 480 omnia
1147 443 1198 481 ad
1226 456 1342 481 usum
1373 444 1635 482 animantium
1655 443 1767 482 foetu

362 506 631 554 beatissimae,
648 505 830 554 inriguae
850 505 964 554 aquis
983 505 1192 544 fluminum
1212 512 1252 545 et
1271 507 1454 557 fontium,
1473 507 1545 545 sed
1564 507 1767 547 fontaneis

363 569 564 607 interdum
595 569 720 606 sacris
749 577 788 607 ul
819 570 973 619 quidam
1001 572 1204 609 retulerunt
1233 576 1272 609 et
1299 570 1600 620 vaporantibus.
1659 570 1767 609 Mar-

364 635 513 672 cianus:
533 634 543 659 ¹
562 632 840 671 Narbonensis
856 638 990 671 autem
1008 634 1218 683 provincia
1234 634 1470 685 appellatur,
1491 647 1592 682 quae
1609 633 1766 672 interno

365 698 464 735 mari
492 697 674 745 alluitur,
705 697 805 735 haec
831 697 1006 735 Bracata
1033 703 1153 735 antea
1183 698 1411 746 dicebatur,
1441 710 1543 746 quae
1572 698 1620 735 ab
1649 697 1768 735 Italia

364 761 470 809 iugis
490 756 657 810 Alpium
686 765 806 809 atque
835 774 950 799 amne
969 761 1078 799 Varo
1109 762 1363 799 discernitur.
1403 762 1453 798 In
1473 761 1547 799 hac
1567 760 1769 811 provintia

364 824 587 862 Rhodanus
615 824 765 862 fluvius
795 838 843 862 ex
862 824 1035 875 Alpibus
1066 825 1232 863 veniens
1261 839 1332 875 per
1360 825 1611 863 Lemannum
1639 825 1768 863 lacum

363 893 469 926 meat
489 893 529 926 et
548 901 690 926 causas
710 887 932 926 fertilitatis
954 889 1130 939 inportat
1150 895 1281 927 terrae
1301 889 1550 937 germinibus
1570 902 1616 927 ac
1634 889 1771 927 fecun-

365 952 465 1001 diae,
497 951 610 990 cuius
641 966 709 990 ora
736 952 907 991 diversis
936 953 1184 990 nominibus:
1215 966 1307 990 nam
1335 953 1608 1003 Hispaniense
1636 966 1771 1001 unum,

367 1016 538 1053 alterum
566 1016 771 1066 Alpinum,
803 1015 982 1066 tertium,
1020 1030 1097 1065 quo
1127 1016 1283 1066 plenior
1311 1023 1429 1066 meat,
1465 1016 1772 1055 Massilioticum

366 1084 635 1130 nuncupatur.
692 1080 903 1118 Provintia
931 1081 1048 1129 viris,
1081 1081 1468 1131 oppidis,‚frugibus
1505 1081 1772 1119 memoranda.

367 1145 602 1195 Pomponius
622 1145 723 1183 Mela
738 1158 748 1181 :
765 1146 780 1171 '2
812 1145 942 1183 Gallia
971 1145 1182 1183 Lemannu
1201 1145 1290 1183 lacu
1312 1153 1350 1183 et
1372 1145 1611 1184 Cebennicis
1631 1144 1773 1183 monti-

366 1209 442 1246 bus
458 1210 498 1246 in
516 1209 594 1247 duo
610 1209 737 1246 latera
750 1208 892 1255 divisa,
909 1209 1033 1247 altero
1044 1209 1220 1246 Tuscum
1228 1209 1398 1258 pelagus
1408 1209 1634 1258 adtingens,
1648 1210 1773 1247 altero

369 1286 571 1322 oceanum,
602 1274 668 1311 hic
695 1287 718 1310 a
738 1273 845 1311 Varo
875 1273 958 1311 illic
986 1287 1008 1310 a
1037 1273 1180 1310 Rheno
1211 1273 1262 1310 ad
1282 1273 1503 1322 Pyrineum
1530 1287 1659 1321 usque
1686 1287 1774 1323 per-

368 1337 552 1375 mittitur.
591 1337 693 1374 Pars
714 1337 863 1375 Nostro
893 1336 994 1374 mari
1022 1337 1221 1386 apposita,
1251 1336 1328 1373 fuit
1357 1336 1571 1385 aliquando
1591 1336 1775 1385 Bracata,

369 1414 476 1439 nunc
495 1400 786 1449 Narbonensis,
817 1406 879 1438 est
907 1401 1036 1449 magis
1067 1400 1173 1438 culta
1196 1406 1234 1438 et
1263 1401 1393 1449 magis
1423 1400 1578 1439 consita
1607 1400 1778 1449 ideoque

370 1466 489 1503 etiam
518 1465 672 1503 laetior.
729 1465 975 1515 Populorum
993 1466 1008 1491 3
1037 1469 1171 1502 autem
1201 1464 1357 1502 Galliae
1392 1464 1469 1502 tria
1499 1470 1594 1502 sunt
1623 1477 1776 1502 summa

369 1530 531 1567 nomina
560 1531 853 1578 terminataque
881 1528 1016 1567 fluviis
1046 1529 1292 1578 ingentibus.
1333 1529 1518 1577 Namque
1547 1542 1569 1566 a
1598 1527 1774 1578 Pyrineo

370 1594 419 1631 ad
442 1594 670 1631 Garonnam
693 1593 924 1642 Aquitania,
956 1594 1005 1631 ab
1036 1606 1081 1631 eo
1107 1593 1159 1630 ad
1179 1592 1405 1642 Sequanam
1426 1593 1574 1642 Celtae,
1605 1592 1698 1630 inde
1727 1592 1777 1630 ad

372 1658 558 1695 Rhenum
601 1658 805 1707 pertinent
846 1657 1020 1706 Belgae,
1063 1656 1376 1706 Aquitaniorum
1423 1657 1633 1695 clarissimi
1680 1662 1774 1694 sunt

370 1722 544 1772 Hausci,
590 1721 795 1760 Celtarum
838 1722 988 1771 Hedui,
1031 1721 1249 1772 Belgarum
1292 1721 1470 1760 Treveri.
1528 1721 1618 1759 Item
1657 1719 1778 1759 Gaius

373 1786 515 1825 Caesar
536 1788 698 1825 inlibris
728 1787 809 1824 belli
838 1785 976 1824 Gallice·
1006 1788 1059 1824 ita
1088 1799 1248 1824 emersus
1277 1793 1349 1824 est:
1370 1786 1385 1812 4
1414 1786 1546 1824 Gallia
1567 1790 1629 1823 est
1649 1785 1778 1823 omnis

372 1850 503 1889 divisa
530 1849 572 1887 in
600 1856 738 1900 partes
767 1855 862 1898 tres,
903 1860 1073 1899 quarum
1102 1863 1224 1888 unam
1252 1849 1433 1888 incolunt
1461 1849 1627 1900 Belgae,
1662 1849 1780 1887 aliam

371 1914 583 1963 Aquitani,
622 1914 796 1963 tertiam,
832 1915 900 1963 qui
936 1915 1116 1964 ipsorum
1144 1915 1281 1964 lingua
1313 1913 1461 1963 Celtae,
1498 1919 1635 1953 nostra
1672 1913 1779 1951 Galli

476 2073 498 2107 2
527 2071 665 2120 riguae
698 2070 775 2108 Sol.
838 2071 861 2107 3
891 2075 936 2108 ut
965 2070 1125 2119 quidam
1157 2070 1381 2108 retulerunt
1411 2072 1505 2108 dees!
1537 2069 1613 2108 Sol.
1668 2071 1693 2107 8
1721 2070 1776 2108 fe-

372 2136 515 2174 cundis
554 2135 674 2173 Mart.
784 2135 807 2172 9
837 2135 1067 2173 nominibus
1110 2134 1308 2184 appellata
1353 2133 1471 2172 Μαι-ι.
1583 2147 1614 2171 c.
1644 2133 1777 2184 hispa-

373 2200 536 2246 nifitense
567 2199 615 2237 M
669 2200 718 2237 10
737 2199 908 2237 alterum
936 2198 1188 2249 Metapinum
1219 2197 1337 2237 Mare.
1361 2199 1446 2249 (br)
1505 2199 1551 2234 12
1572 2198 1777 2236 Lemanno

372 2297 458 2337 Mel.
523 2299 571 2336 13
601 2304 721 2348 atque
750 2298 876 2337 altero
908 2297 995 2336 Mel.
1054 2311 1085 2336 c.
1116 2297 1284 2348 pelagus
1314 2269 1511 2346 adiiigens
1542 2303 1607 2347 (an
1637 2295 1777 2334 adiun-

369 2362 511 2413 gens?)
534 2363 592 2406 M,
613 2376 708 2401 corr.
731 2363 946 2411 adtingens
1004 2363 1051 2399 15
1073 2375 1104 2400 c.
1126 2362 1311 2412 apposita
1331 2360 1419 2411 fuit,
1441 2360 1562 2409 aliqu.
1620 2361 1669 2399 18
1684 2365 1779 2399 sunt

372 2427 719 2476 terminanturque
755 2426 843 2465 Mel.
956 2427 1002 2464 19
1033 2425 1266 2464 Garunnam
1302 2425 1389 2464 Mel.
1427 2425 1501 2476 (K)
1584 2424 1779 2475 Aquitani

372 2490 460 2530 Mel.
500 2491 751 2543 (ABGKL)
835 2492 886 2528 ‘20
913 2491 1210 2539 Aquitanorum
1247 2489 1334 2529 Mel.
1419 2490 1466 2527 21
1497 2489 1658 2528 Haedui
1686 2487 1776 2531 Mel.

369 2555 427 2606 (D
439 2555 541 2607 KR)

439 2715 447 2723 '
470 2738 478 2764 ι
506 2737 566 2781 w,
593 2736 765 2772 634-35.
814 2736 830 2762 ’ὲ
859 2737 901 2780 11,
927 2737 982 2771 74.
1033 2737 1048 2761 ³
1074 2737 1123 2771 ib.
1151 2735 1214 2778 111,
1240 2736 1296 2771 20.
1347 2736 1360 2761 ⁴
1388 2736 1422 2770 b.
1451 2734 1491 2769 G.
1520 2735 1546 2779 1,
1574 2735 1605 2768 1.
