1916 3254
725 274 981 310 „53-

151 386 285 424 insula
319 386 425 424 inter
453 386 532 424 duo
567 385 694 423 maria
721 385 904 433 Aegeum
938 387 978 422 et
1011 381 1189 430 Ionium,
1233 380 1448 429 angulosos
1488 393 1548 417 re-

154 463 292 488 cessus
335 450 560 499 obducens,
602 449 643 486 in
688 448 858 486 circuitu
899 447 1051 485 habens
1090 444 1300 493 sexaginta
1335 443 1413 481 tria
1439 442 1550 481 milia

152 526 344 564 passuum
374 518 412 552 et
440 527 511 564 per
538 513 651 551 sinus
679 525 781 562 pene
810 510 1067 548 tandundem.
1098 508 1307 557 angustiae
1335 507 1441 545 unde
1460 520 1549 558 pro-

155 576 262 615 cedit
280 577 446 615 Hismos
467 577 708 626 appellatur;
739 576 779 613 in
802 575 977 624 quinque
997 573 1158 611 milibus
1178 585 1372 622 passuum
1389 571 1551 609 diversa

153 641 279 679 maria
312 641 514 689 utrimque
550 639 768 678 conlidunt.
822 638 869 676 In
897 637 1027 675 medio
1056 637 1132 675 hoc
1167 635 1397 684 intervallo,
1442 634 1550 682 quod
1599 640 1618 670 5

156 706 329 743 Hismon
358 703 571 754 appellavi,
602 703 756 742 colonia
785 706 848 740 est
873 701 1090 739 Corinthus
1121 699 1332 748 sexagenis
1362 699 1410 736 ab
1440 702 1549 735 utro-

154 782 231 817 que
259 769 394 815 litore;
433 769 481 805 ab
511 767 654 805 Hismo
689 771 822 804 autem
849 765 1027 803 Achaiae
1061 764 1286 814 provintiae
1321 775 1464 801 nomen
1492 762 1550 799 in-

154 832 270 882 cipit,
307 845 408 880 quae
443 835 534 869 ante
562 830 729 878 Aegilos
768 830 985 867 vocabatur
1013 830 1122 878 quasi
1150 829 1327 877 capraria
1355 831 1518 878 propter
1544 827 1549 852 ¹

154 897 275 934 urbes
313 896 355 933 in
389 896 506 933 litore
547 907 618 944 per
659 893 839 931 ordinem
883 892 1135 930 constitutas.
1190 892 1254 929 Ibi
1297 892 1551 941 quamplures

157 960 270 998 sinus
307 964 449 1008 portus
484 962 640 995 montes
675 957 795 994 urbes
831 961 870 993 et
904 956 1055 1006 populi.
1111 956 1175 992 Ab
1218 954 1346 1005 ipsius
1383 955 1551 992 Hismus
1577 958 1623 990 10

155 1022 353 1071 angustiis
382 1022 494 1059 Ellas
522 1021 674 1071 incipit,
704 1034 726 1058 a
762 1021 913 1059 nostris
943 1020 1083 1058 Gretia
1120 1020 1244 1068 dicta3
1283 1021 1323 1057 in
1352 1034 1398 1058 ea
1425 1020 1552 1070 prima

156 1086 294 1124 Attice
322 1085 545 1134 antiquitus
573 1086 671 1123 Atte
699 1089 842 1123 vocata
871 1084 1067 1134 contingit
1095 1084 1284 1122 Hismum
1302 1085 1552 1133 Megatitana

155 1149 218 1188 sui
252 1154 379 1199 parte.
435 1149 512 1187 Est
546 1154 679 1187 autem
715 1149 757 1186 in
794 1162 862 1187 ora
896 1149 1080 1187 Athenae
1119 1154 1238 1197 atque
1273 1148 1409 1186 Attice
1444 1161 1551 1186 rece-

157 1213 345 1252 dentibus
375 1227 397 1251 a
418 1214 566 1262 Myrto,
597 1213 662 1250 cui
689 1225 836 1251 nomen
864 1212 1047 1251 Scironia
1075 1226 1190 1261 saxa;
1221 1226 1350 1261 neque
1378 1212 1551 1250 Athenis

156 1278 305 1316 cedunt
339 1277 505 1315 Boetiae
540 1277 582 1314 in
624 1277 770 1325 quibus
812 1282 908 1315 sunt
949 1277 1097 1327 oppida
1137 1282 1293 1314 montes
1335 1276 1551 1326 populique
1576 1279 1621 1310 15

155 1342 425 1392 quamplures.
483 1341 673 1390 Sequitur
707 1342 893 1391 Emonia,
935 1341 1048 1379 cuius
1086 1355 1108 1379 a
1150 1346 1262 1390 tergo
1307 1354 1420 1378 mons
1451 1340 1552 1378 Oeta

157 1419 283 1454 eaque
318 1406 437 1444 etiam
479 1405 660 1457 Tessalia
693 1410 960 1455 nuncupatur.
1014 1405 1249 1454 Ibinamque
1285 1419 1355 1443 rex
1392 1405 1551 1443 nomine

157 1470 311 1508 Grecus
349 1484 372 1508 a
401 1483 477 1519 quo
508 1470 647 1508 Gretia
681 1476 947 1520 nuncupatur.
994 1470 1059 1508 Ibi
1086 1470 1198 1508 Elles
1227 1484 1250 1507 a
1279 1484 1356 1518 quo
1385 1470 1551 1508 Ellenes

157 1534 357 1584 appellati.
413 1534 463 1571 In
497 1534 678 1572 Tessalia
714 1540 869 1573 montes
908 1534 1109 1573 notissimi
1144 1534 1359 1584 Olympus,
1402 1535 1550 1583 Pelius,

158 1597 273 1646 Ossa,
313 1598 426 1636 cuius
457 1612 505 1637 ex
534 1599 704 1637 adverso
734 1598 889 1637 Pindus
919 1604 957 1637 et
988 1598 1135 1637 Oetrus
1163 1599 1399 1648 Lapitarum
1434 1598 1550 1636 sedes
1575 1595 1622 1628 20

261 1780 284 1815 2
313 1779 533 1828 quingenta
567 1780 775 1829 sexaginta
810 1779 928 1818 Mart.
1066 1783 1089 1819 3
1118 1792 1244 1830 paene
1273 1765 1393 1817 ,Maru
1435 1778 1550 1829 (BR)

155 1846 179 1880 4
208 1842 385 1881 Isthmos
415 1843 533 1881 Mart.
566 1844 615 1885 (B
628 1844 680 1892 R)
773 1848 794 1883 6
824 1844 1004 1881 Isthmon
1034 1843 1155 1881 ῘΙῙαΥτ.
1187 1843 1300 1894 (BR)
1385 1843 1406 1879 7
1436 1841 1552 1879 litore

155 1906 297 1944 stadiis
326 1906 445 1945 ffIctrt.
570 1907 721 1945 Isthmo
751 1907 871 1946 Illam.
910 1907 1022 1958 (BR)
1159 1908 1184 1944 8
1211 1907 1403 1955 Aegialos
1432 1906 1550 1943 Marc.

154 1970 268 2018 quasi
298 1971 476 2020 capraria
504 1972 597 2009 dees!
629 1971 747 2009 sslart.
812 1973 861 2010 lo
888 1971 1075 2009 Isthmou
1105 1971 1223 2009 Mart.
1255 1971 1321 2022 (B)
1378 1971 1423 2007 11
1455 1969 1552 2007 Hel-

152 2034 212 2072 las
242 2034 361 2073 llIarl.
391 2035 503 2086 (BR)
580 2036 627 2072 12
656 2037 761 2074 Acte
790 2035 910 2074 Mart.
941 2036 1050 2086 (BR)
1124 2036 1320 2074 Isthmum
1352 2035 1460 2086 (BR)
1490 2034 1553 2072 sui

153 2104 268 2147 parte
295 2098 471 2148 Megaris
501 2099 608 2137 dicta
628 2099 748 2137 lllart.
771 2100 837 2151 (B)
895 2101 943 2137 13
974 2113 1006 2140 c.
1035 2101 1146 2138 verba
1165 2100 1240 2137 Est
1261 2123 1309 2127 —
1330 2112 1426 2136 saxa
1450 2099 1553 2137 valde

155 2171 335 2213 corrupta
363 2165 524 2207 exhibet,
554 2165 601 2213 cf.
632 2163 752 2202 Illart.
782 2165 824 2202 in
860 2177 928 2202 ora
963 2170 1095 2202 autem
1132 2169 1273 2214 portus
1311 2163 1374 2201 cui
1408 2176 1553 2201 nomen

155 2226 337 2264 Scironia
371 2239 468 2265 saxa
508 2241 578 2266 sex
620 2228 872 2278 longitudine
914 2228 1129 2266 latitudine
1174 2228 1350 2276 quinque
1392 2227 1553 2265 milibus

154 2303 346 2340 passuum
386 2290 546 2341 Myrtoo
595 2293 741 2343 (myrto
783 2293 834 2343 B)
882 2293 1163 2331 recedentibus
1207 2293 1390 2330 Athenae
1432 2297 1553 2340 atque

155 2354 291 2391 Attica
359 2355 408 2391 14
436 2368 467 2393 c.
497 2362 665 2406 amyrto,
696 2370 791 2396 corr.
821 2371 844 2395 a
871 2362 1003 2407 myrto
1075 2358 1122 2394 15
1152 2356 1192 2394 in
1222 2357 1312 2406 quis
1342 2356 1461 2394 Mart.
1492 2355 1550 2406 (b)

156 2418 205 2455 16
232 2418 428 2479 Acmonia
454 2419 574 2458 Nlart.
605 2421 718 2472 (BR)
777 2423 826 2459 18
853 2422 992 2460 Helles
1014 2453 1021 2461 .
1045 2450 1054 2460 .
1073 2421 1265 2460 Hellenes
1293 2421 1413 2459 ΝΙαι-ι.
1437 2419 1550 2471 (BR)

155 2482 204 2520 19
234 2495 265 2520 c.
294 2481 440 2533 pellius
520 2485 571 2523 20
598 2489 638 2522 et
666 2484 817 2535 Othrys
848 2484 967 2524 Mart.
1051 2486 1316 2536 Lapitharum
1344 2484 1462 2524 Mart.
1493 2484 1551 2537 (b)

251 2675 261 2702 1
288 2675 350 2719 vi,
377 2675 481 2710 652—
494 2677 549 2710 56.
