1916 3254
751 301 1007 336 *33—

182 414 286 452 fanti
329 417 484 450 tant-um
529 411 797 460 requirantur.
859 410 987 448 Maria
1016 422 1175 459 quoque
1209 408 1500 459 piseationibus
1528 408 1587 445 in-

184 477 386 526 quietant,
436 475 690 523 marinasque
731 474 956 513 testudines
999 486 1140 523 capere
1182 472 1376 521 gaudent,
1421 485 1588 520 quarum

185 544 298 578 tanta
333 544 395 578 est
431 539 665 588 magnitudo
694 543 740 575 ut
775 538 1008 587 superficies
1044 550 1178 575 earum
1213 537 1373 574 domum
1400 535 1522 574 faciat
1550 532 1588 574 et

185 616 439 641 numerosam
467 602 658 640 familiam
685 615 765 639 non
794 606 878 639 arte
907 605 1095 652 receptet.

291 667 423 705 Maior
454 679 548 717 pars
578 666 732 703 insulae
760 665 879 703 huius
901 665 1030 702 calore
1051 664 1234 702 ambusta
1254 670 1314 702 est
1334 668 1374 701 et
1392 663 1432 700 in
1454 668 1591 700 vastas
1638 672 1655 701 5

190 731 326 769 deficit
366 730 620 768 solitudines.
676 729 803 766 Latus
841 729 926 766 eius
961 741 1069 766 mare
1098 727 1213 765 alluit
1238 727 1431 777 perviridi
1461 727 1591 765 colore

185 794 429 832 fruticosum
449 793 505 830 ita
525 797 570 829 ut
589 793 681 837 iubr=
712 793 898 829 arborum
927 791 1163 841 plerumque
1190 791 1473 839 gubernaculis
1494 796 1592 828 atte-

187 863 340 896 rantur.
408 857 591 895 Cernunt
626 857 732 893 latus
762 855 940 893 Sericum
977 856 1025 893 de
1061 855 1254 893 montium
1283 868 1447 893 suorum
1476 855 1593 903 iugis.

187 921 389 958 Mirantur
417 934 566 957 aurum
596 924 635 957 et
663 920 713 956 ad
747 920 917 967 gratiam
946 919 1180 968 poculorum
1219 919 1393 956 omnium
1421 932 1592 967 gemma-

187 998 278 1022 rum
309 984 509 1021 adhibent
538 991 793 1033 apparatum,
825 988 963 1021 secant
991 996 1189 1020 marmora
1217 982 1446 1020 testudinea
1468 982 1592 1021 varie·
1623 991 1664 1022 10

188 1052 283 1086 tate.
337 1047 585 1096 Margaritas
613 1047 754 1095 legunt
782 1047 973 1096 plurimas
1002 1046 1291 1094 maximasque:
1323 1046 1472 1095 conclu,=
1502 1053 1595 1084 sunt

190 1111 234 1148 in
267 1111 414 1160 quibus
443 1111 520 1149 hoc
550 1123 678 1159 genus
719 1110 896 1161 lapidum
938 1109 1173 1159 requiritur,
1217 1123 1317 1158 quae
1356 1115 1463 1148 certo
1502 1111 1595 1147 anni

191 1180 377 1225 tempore
406 1175 663 1213 luxuriantel
693 1179 889 1224 conceptu
918 1175 1062 1212 sitiunt
1089 1187 1219 1212 rorem
1250 1174 1362 1212 velut
1396 1173 1593 1228 maritum,

192 1238 308 1278 cuius
341 1238 542 1277 desiderio
572 1238 701 1287 hiant,
733 1243 772 1276 et
793 1251 880 1276 cum
902 1237 1071 1276 maxime
1097 1238 1264 1287 liquitur
1292 1237 1444 1276 lunaris
1470 1238 1596 1276 imber

192 1302 432 1342 oscitatione
469 1305 642 1351 quadam
684 1303 875 1340 hauriunt
917 1303 1125 1341 humorem
1167 1302 1363 1352 cupitum3
1410 1303 1467 1340 sic
1506 1315 1594 1340 con·
1623 1313 1665 1345 15

196 1367 349 1417 cipiunt
369 1366 617 1417 gravidqque
636 1366 756 1415 fiunt;
779 1367 828 1404 de
848 1367 1013 1415 saginae
1035 1367 1226 1414 qualitate
1246 1366 1420 1404 reddunt
1435 1366 1596 1404 habitus

199 1431 405 1479 unionum,
435 1444 527 1468 nam
555 1430 589 1468 si
626 1444 774 1481 purum
802 1431 937 1479 fuerit,
969 1432 1075 1479 quod
1105 1430 1350 1481 acceperint,
1386 1430 1597 1468 candicant

198 1493 378 1543 orbiculi,
411 1495 444 1532 si
472 1494 692 1540 turbidum,
723 1499 793 1532 aut
820 1495 972 1545 pallore
1001 1495 1194 1542 languent
1222 1499 1291 1532 aut
1317 1494 1406 1532 rufo
1440 1494 1597 1531 innubi—

197 1559 343 1596 lantur.
401 1559 461 1596 Ita
496 1559 625 1607 magis
663 1558 712 1596 de
748 1559 859 1597 caelo
896 1572 1013 1607 quam
1050 1559 1099 1596 de
1133 1559 1233 1596 mari
1261 1563 1400 1608 partus
1437 1558 1597 1595 habent.

197 1621 385 1670 Denique
415 1622 601 1670 quotiens
631 1623 834 1672 excipient
863 1623 1050 1660 matutini
1078 1622 1182 1660 aeris
1212 1635 1360 1669 semen,
1391 1621 1436 1659 fit
1457 1621 1600 1660 clarior
1623 1631 1669 1664 20

198 1685 424 1734 margarita,
456 1686 641 1734 quotiens
662 1699 842 1735 vespere,
864 1686 909 1723 fit
929 1686 1152 1732 obscurior3
1184 1691 1331 1734 quanto
1352 1686 1481 1734 magis
1501 1685 1597 1723 hau-

197 1749 307 1798 serit,
349 1754 460 1787 tanto
497 1750 624 1798 magis
658 1750 818 1799 proficit
854 1750 1031 1799 lapidum
1066 1749 1320 1798 magnitudo,
1366 1750 1399 1787 si
1435 1756 1600 1799 repente

199 1813 408 1851 micaverit
428 1814 664 1863 coruscatio,
685 1813 969 1864 intempestivo
990 1818 1099 1852 metu
1119 1814 1434 1863 comprimuntur
1450 1814 1600 1861 clause-

200 1891 276 1926 que
305 1878 440 1915 subita
475 1877 689 1916 formidine
717 1878 818 1916 vitia
855 1878 1098 1916 contrahunt
1134 1879 1328 1916 abortiva.
1383 1879 1468 1916 Aut
1497 1879 1602 1916 enim

197 1942 386 1991 perparvi
405 1941 508 1979 fiunt
527 1941 706 1992 scrupuli
726 1947 795 1979 aut
814 1942 967 1980 inanes.
998 1942 1172 1980 Conchis
1192 1943 1292 1992 ipsis
1312 1943 1419 1981 inest
1438 1955 1600 1991 sensus;
1627 1952 1672 1985 ‘25

197 2010 338 2054 partus
375 2018 470 2043 suos
510 2005 703 2043 maculari
738 2005 900 2055 timent,
946 2019 1115 2055 cumque
1150 2006 1450 2056 flagratioribus
1480 2005 1604 2044 radiis

198 2069 413 2107 excanduit
443 2069 547 2117 dies,
591 2083 640 2107 ne
670 2069 861 2108 fucentur
889 2070 1044 2120 lapides
1075 2070 1172 2109 solis
1204 2071 1353 2119 calore,
1388 2070 1605 2108 subsidunt

307 2215 330 2250 2
360 2227 391 2252 c.
423 2227 604 2264 quorum,
636 2228 732 2254 corr.
765 2229 933 2264 quarum
991 2216 1038 2253 13
1070 2230 1102 2255 c.
1133 2221 1364 2266 conceptus,
1393 2229 1490 2254 corr.
1513 2228 1604 2254 con-

202 2282 322 2327 ceptu
379 2279 427 2314 14
446 2278 608 2316 lunares
637 2279 847 2328 liquuntur
877 2279 1114 2330 aspergines
1144 2279 1220 2318 Sol.
1251 2279 1323 2331 (H)
1381 2281 1429 2316 15
1458 2293 1489 2318 c.
1520 2279 1604 2328 qui-

200 2374 293 2412 dam
323 2376 494 2423 quadam
522 2391 617 2416 corr.
648 2378 714 2415 M2
797 2392 828 2417 c.
859 2351 1023 2417 hirriunt
1051 2378 1099 2416 M
1178 2380 1227 2416 18
1256 2379 1425 2417 orbiculi
1451 2378 1605 2429 lapillo-

667 2449 695 2468 m

201 2486 290 2511 rum
319 2473 395 2512 Sol.
426 2474 498 2525 (H)
581 2489 612 2514 c.
643 2476 844 2525 laglicient
873 2477 929 2526 M,
961 2491 1054 2516 corr.
1087 2478 1281 2526 languent
1361 2478 1407 2514 21
1439 2486 1604 2526 quanto-

204 2549 283 2584 que
312 2536 390 2575 Sol.
422 2538 494 2588 (H)
551 2539 599 2575 27
629 2539 837 2578 fuscentur
865 2540 942 2579 Sol.
975 2542 1032 2591 (h)

302 2695 312 2720 ¹
338 2705 356 2727 e
383 2694 453 2728 Sol.
482 2695 571 2738 LIII,
597 2696 746 2731 23—30.
