1916 3254
772 290 1028 326 —67—

199 403 462 436 concurrente
505 399 696 437 violentia
741 399 835 438 hinc
884 400 1112 438 resistentis
1158 400 1279 438 undis
1326 401 1597 440 exultantibus

196 462 340 500 molem
369 462 502 511 colligi
531 476 631 511 quae
661 476 850 502 excessus
879 463 988 502 facit.
1044 463 1237 502 Nonnulli
1266 464 1480 514 affirmant,
1509 465 1597 503 fon-

197 534 277 563 tem
307 525 405 574 eius,
436 526 505 574 qui
532 526 672 564 Fialus
703 531 881 575 vocatur,
914 527 1102 577 siderum,
1132 528 1308 566 motibus
1337 528 1503 566 excitari
1532 543 1597 567 ex-

197 594 448 637 tractumque
482 590 607 628 radiis
646 590 912 628 candentibus
949 591 1113 629 caelesti
1141 591 1235 640 igne
1264 591 1477 641 suspendi.¹
1517 605 1597 630 non

195 658 330 691 tamen
359 654 445 691 sine
474 659 582 691 certa
602 654 704 703 legis
726 654 948 705 disciplina,
979 655 1055 692 hoc
1074 659 1137 693 est
1156 654 1264 693 lunis
1295 656 1594 705 coeptantibus5
1646 665 1666 694 ἴ)

195 731 334 756 verum
364 731 520 755 omnem
550 718 763 756 abscessus
793 719 988 767 originem
1008 718 1056 756 de
1077 720 1160 757 sole
1181 720 1337 769 concipi
1365 720 1596 769 primosque

194 782 281 819 fieri
310 794 501 819 excessus
530 783 698 819 tumoris
727 795 814 819 cum
844 795 939 832 prae
961 781 1158 820 Cancrum
1179 784 1239 820 sol
1268 784 1455 821 vehatur:
1487 790 1595 833 post-

194 847 355 884 modum
382 845 549 895 triginta
578 845 663 883 eius
683 846 865 895 partibus
887 846 1068 894 evolutis,
1099 847 1167 883 ubi
1194 846 1403 895 ingressus
1420 848 1594 886 Leonem

195 910 336 959 Syrios
365 910 555 948 excitavit
574 908 731 946 emissis
753 909 937 946 omnibus
959 909 1128 946 cumulis
1149 914 1274 947 totam
1293 910 1595 949 fluctuationem

193 987 412 1023 erumpere.
468 972 624 1010 Deinde
653 971 834 1009 revocari
865 972 996 1009 exitus
1025 972 1237 1010 universos
1268 986 1356 1011 cum
1384 974 1595 1023 Virginem
1619 985 1665 1017 10

194 1027 372 1074 transeat
405 1036 672 1086 paenitusque
701 1036 806 1072 intra
834 1035 944 1085 ripas
984 1049 1078 1074 suas
1115 1049 1277 1086 capere,
1314 1051 1402 1075 cum
1431 1039 1595 1076 Libram

192 1101 244 1138 sit
272 1099 496 1148 ingressus.
551 1099 640 1137 Hoc
669 1098 789 1137 etiam
817 1099 989 1148 addunt,
1026 1100 1177 1150 pariter
1215 1114 1305 1138 eum
1334 1114 1478 1140 nocere
1508 1102 1594 1140 sive

190 1164 491 1201 habundantius
521 1168 728 1201 exaestuet
758 1163 843 1201 sive
872 1163 1046 1213 partius,
1072 1165 1081 1190 1
1121 1177 1210 1202 cum
1248 1165 1448 1213 exiguitas
1478 1167 1592 1203 mini-

190 1241 299 1265 mum
319 1228 504 1277 adportet
522 1227 793 1276 fecunditatis,
823 1226 1062 1277 propensior
1082 1228 1195 1278 copia
1216 1227 1405 1266 diuturno
1427 1229 1592 1267 humore

190 1292 387 1329 culturam
414 1296 602 1329 moretur.
639 1291 838 1328 Maximos
867 1291 953 1328 eius
983 1291 1115 1329 exitus
1145 1292 1292 1330 cubitis
1313 1292 1592 1341 duodeviginti
1616 1303 1661 1337 15

190 1368 445 1403 consurgere,
474 1354 720 1392 iustissimos
749 1355 923 1392 sedecim
953 1356 1178 1405 temperari,
1208 1368 1283 1393 nec
1302 1357 1343 1393 in
1363 1357 1589 1405 quindecim

189 1420 330 1457 abesse
358 1425 580 1468 proventus
614 1418 876 1467 fructuarios,
917 1418 1109 1467 quicquid
1138 1419 1243 1457 intra
1272 1419 1324 1457 sit
1353 1421 1498 1459 famem
1532 1428 1589 1458 la-

190 1496 290 1521 cere.
346 1483 403 1520 De
434 1496 506 1532 quo
545 1482 738 1520 lsssiclorus:
758 1483 774 1508 2
817 1483 930 1520 Geon
958 1481 1106 1520 fluvius
1137 1483 1186 1521 de
1215 1483 1422 1533 Paradyso
1454 1485 1589 1522 exiens

189 1553 310 1594 atque
339 1547 571 1584 universam
600 1545 871 1596 Aethyopiam
901 1547 1085 1595 cingens,
1124 1552 1291 1584 vocatus
1325 1550 1402 1585 hoc
1429 1549 1589 1586 nomine

189 1611 296 1659 quod
324 1611 570 1648 incremento
600 1623 697 1648 suae
728 1609 1010 1648 exundationis
1040 1615 1192 1648 terram
1219 1612 1399 1662 Aegypti
1434 1612 1587 1661 irriget,
1612 1623 1658 1656 20

188 1688 238 1723 ge
266 1674 373 1712 enim
401 1687 519 1724 grece
549 1674 672 1711 latine
701 1679 849 1712 terram
879 1674 1091 1722 significat.
1131 1675 1210 1712 Hic
1239 1675 1343 1724 apud
1363 1676 1588 1725 Aegyptios

188 1737 307 1775 Nilus
337 1744 504 1775 vocatur
531 1744 696 1788 propter
723 1738 862 1775 limum
883 1752 1000 1786 quem
1028 1738 1163 1788 trahit,
1194 1740 1262 1787 qui
1282 1739 1407 1777 efficit
1426 1739 1587 1777 faecun-

189 1801 365 1838 ditatem.
423 1802 546 1851 Iye'lw·
574 1804 774 1851 praefatus
813 1804 1018 1852 (uliunqcns
1047 1811 1192 1840 caelera
1221 1803 1448 1841 Marc-[amas
1477 1806 1552 1841 ait:
1573 1806 1587 1830 5

186 1866 237 1903 In
257 1865 364 1903 omni
383 1871 515 1903 autem
536 1866 654 1903 Delta
675 1866 758 1903 Nili
779 1867 926 1916 oppida
947 1867 1119 1904 ducenta
1149 1868 1441 1916 quinquaginta
1460 1867 1587 1906 fuisse

186 1929 466 1967 Artemidorus
497 1934 712 1968 attestatur
721 1943 729 1978 ;
760 1929 801 1966 in
820 1931 936 1968 litore
965 1935 1099 1968 tamen
1118 1932 1313 1981 Aegyptii
1332 1933 1454 1968 maris
1473 1945 1586 1981 prae·
1611 1934 1656 1975 25

186 1993 358 2031 stantior
385 1994 542 2030 urbium
571 1994 818 2032 Alexandria
847 1994 1077 2043 constituta,
1108 1995 1156 2032 ab
1177 1995 1410 2033 Alexandro
1437 1996 1585 2043 Magno

190 2057 372 2107 condita,
411 2071 434 2095 a
470 2057 669 2108 Canopico
705 2059 838 2096 hostio
877 2059 919 2095 in
947 2059 1159 2096 duodecim
1194 2060 1355 2097 milibus
1391 2072 1586 2109 passuum

293 2181 312 2216 1
344 2179 439 2217 hinc
467 2180 650 2228 urgentis
679 2180 866 2218 elementi
893 2180 987 2218 hinc
1016 2195 1045 2219 r.
1077 2180 1155 2220 Sol.
1212 2182 1235 2217 2
1265 2180 1478 2218 adfirmant
1507 2180 1584 2219 Sol.

185 2244 209 2280 3
238 2243 405 2281 Phialus
434 2243 510 2285 Sol.
620 2244 642 2281 7
671 2258 744 2293 per
773 2258 960 2282 cancrum
989 2244 1066 2282 Sol.
1163 2245 1186 2281 9
1216 2250 1327 2283 ortus
1357 2244 1477 2282 sirios
1506 2244 1574 2283 Sol

186 2308 236 2345 10
263 2320 452 2345 revocare
480 2307 557 2346 Sol.
588 2308 740 2359 (SAP)
823 2308 863 2346 in
892 2308 1091 2357 virginem
1123 2308 1200 2346 Sol.
1230 2309 1301 2358 (H)
1405 2310 1449 2345 11
1483 2309 1586 2346 infra

185 2369 262 2409 Sol.
293 2371 499 2422 (LGHP)
608 2374 656 2409 18
684 2372 885 2410 Ysidorus
914 2386 961 2411 us
988 2373 1030 2411 in
1059 2375 1196 2411 lacuna
1276 2373 1462 2423 paradiso
1491 2373 1582 2411 Isicl.

183 2435 234 2473 20
252 2434 527 2473 inundationis
548 2435 638 2473 Isia.
694 2437 741 2473 21
763 2452 819 2487 7²)
843 2436 949 2474 enim
977 2450 1120 2486 graece
1140 2437 1230 2475 Isid.
1287 2437 1336 2473 25
1357 2436 1584 2474 adtestatur

182 2533 302 2572 Mart.
358 2534 408 2571 26
436 2534 693 2572 Alexandrea
720 2535 840 2574 ΠΙαι-ι.
873 2536 942 2587 (R)
1014 2536 1063 2573 27
1094 2549 1126 2574 c.
1157 2501 1506 2585 canopicaohostio
1537 2535 1589 2573 M

278 2681 289 2706 ι
314 2681 336 2714 i.
365 2690 393 2714 e.
421 2682 576 2725 parcius.
626 2679 642 2706 2
668 2680 793 2725 origg.
823 2681 916 2725 xm,
941 2682 999 2725 21,
1027 2683 1058 2716 7.
1109 2681 1125 2707 3
1151 2681 1211 2725 VJ,
1238 2681 1409 2715 eze-78.
