1916 3254
304 999 350 1032 10

305 1321 348 1354 15

304 1642 351 1676 20

947 304 1208 340 -52-

374 414 516 464 incipit
544 427 566 451 a
596 413 804 451 Cerauniis
833 412 1047 463 montibus⁷
1078 413 1119 451 in
1140 427 1219 462 qua
1238 413 1357 464 primi
1377 413 1545 463 annes,
1576 427 1599 451 a
1627 413 1773 462 quibus

376 479 483 515 (licta
519 476 687 525 Caonia;
731 476 875 514 deinde
910 489 1024 515 mons
1052 477 1223 527 Pindus,
1271 477 1521 527 Driopesque
1548 477 1774 526 Molosique

374 541 561 580 Dodonei
588 541 696 580 Iovis
724 540 820 579 fano
849 540 986 579 inclito
1017 541 1219 581 celebrati.
1275 543 1314 579 A
1342 546 1455 590 tergo
1484 541 1590 579 inter
1618 546 1774 580 ceteros

375 605 545 655 populos
581 610 705 655 ponte
740 604 963 653 iunguntur
990 605 1145 644 Moesia
1181 619 1227 643 ac
1261 605 1408 643 Media.
1465 605 1612 643 Traces
1646 618 1774 654 usque

375 669 425 706 ad
455 673 629 719 pontem.
666 668 864 718 Rhodope
892 682 984 707 mox
1003 674 1043 707 et
1061 669 1154 706 Emi
1178 670 1188 696 1
1216 668 1378 708 videtur
1397 669 1622 707 excelsitas.
1661 669 1776 706 Tunc

376 733 530 771 colonia
549 732 778 770 Butrotum.
812 733 1053 772 Ambracius
1074 733 1187 771 sinus
1207 732 1393 771 faucibus
1422 732 1607 782 angustis
1627 745 1776 782 aequor

374 796 588 847 accipiens,
618 796 660 834 in
688 797 795 845 quod
824 796 1021 846 differtur,
1052 797 1181 835 amnis
1210 797 1399 835 Acheron
1427 797 1585 848 inferne
1613 796 1775 835 fabulae

375 874 509 899 errore
536 860 735 906 famosus;
765 865 858 911 post
885 861 1047 910 aliquod
1075 867 1218 910 gentes
1247 861 1368 899 etiam
1387 861 1551 899 Actium
1581 861 1775 899 coloniam

375 938 464 962 cum
487 924 690 974 Apollinis
719 925 881 975 templo„
911 939 959 963 ex
989 939 1066 974 quo
1096 925 1175 975 ipsi
1205 939 1363 974 quoque
1392 925 1466 963 deo
1502 925 1685 964 additum
1712 937 1775 963 co-

373 993 646 1038 gnomentum,
669 989 893 1037 civitasque
907 989 1201 1040 Nicopolitana.
1231 990 1434 1039 Egressus
1455 990 1547 1027 sinu
1566 989 1775 1027 Ambratio

374 1052 415 1090 in
444 1052 605 1091 Ionium
635 1054 716 1091 exit
745 1053 961 1092 diversitas
990 1054 1232 1103 populorum
1262 1059 1302 1092 et
1339 1053 1498 1102 oblique
1534 1053 1639 1104 apud
1676 1065 1776 1101 quos

374 1119 480 1155 inter
513 1118 667 1155 ceteras
700 1118 821 1155 urbes
851 1117 1041 1168 oppidum
1070 1117 1112 1154 in
1139 1117 1310 1155 confinio
1337 1118 1459 1156 maris
1485 1117 1646 1155 nomine
1674 1116 1777 1155 Cali-

375 1182 465 1231 don,
487 1181 696 1219 Diomedis
717 1181 926 1231 Tydeique
954 1183 1288 1232 progeneratione
1317 1181 1583 1220 notissimum.
1621 1180 1779 1219 Dehinc

374 1244 503 1283 fluens
540 1245 654 1283 sinus
682 1245 918 1283 Aethulium
953 1258 999 1283 ac
1034 1245 1358 1296 Peloponensum
1401 1245 1567 1295 dividit3
1609 1259 1700 1283 mox
1736 1244 1777 1281 in

374 1310 550 1348 Acarnia
577 1309 836 1358 Arachintus,
866 1310 908 1347 in
935 1310 1128 1347 Aethulia
1147 1309 1300 1357 Azolei,
1332 1314 1429 1359 aput
1458 1322 1558 1357 quos
1588 1309 1778 1359 oppidum

375 1374 555 1413 Theante
590 1374 632 1411 in
661 1387 738 1423 quo
775 1379 914 1424 portus
943 1373 1159 1423 Apollinis.
1217 1373 1330 1411 Tunc
1367 1372 1512 1411 deinde
1546 1373 1586 1410 in
1615 1372 1779 1411 Focidis

375 1438 526 1489 campis
556 1438 748 1488 oppidum
777 1437 902 1488 Cirra,
932 1442 1073 1488 portus
1104 1437 1286 1486 Oeleona‚
1307 1438 1323 1464 2
1352 1451 1374 1474 a
1395 1451 1472 1485 quo
1493 1441 1649 1487 septem
1677 1435 1778 1474 mili-

375 1504 450 1540 bus
478 1515 671 1553 passuum
700 1501 902 1540 introrsus
921 1501 1103 1551 Delphos
1133 1502 1208 1539 sub
1228 1506 1363 1540 monte
1382 1501 1597 1550 Parnasso,
1629 1501 1779 1538 clarum

375 1567 547 1606 oraculis
567 1566 789 1616 Apollinis;
819 1566 912 1604 fons
940 1566 996 1604 ibi
1018 1565 1232 1604 Castalius.
1269 1565 1427 1604 Deinde
1456 1565 1498 1602 in
1526 1564 1666 1603 intimo
1688 1565 1778 1602 sinu

375 1632 547 1681 angulus
567 1631 734 1670 Boetiae
762 1636 938 1669 montem
958 1630 1166 1669 Eliconem
1194 1630 1306 1668 iuxta
1325 1629 1650 1681 Peloponensum
1677 1641 1780 1679 pene

482 1756 501 1792 1
532 1754 843 1793 Acrocerauniis
872 1753 992 1793 Mart.
1024 1754 1091 1805 (B)
1179 1753 1392 1792 Chaones.
1416 1784 1424 1792 .
1452 1752 1631 1791 Chaonia
1659 1752 1779 1790 Mart.

377 1819 496 1869 (BlR
516 1849 524 1857 .
546 1850 554 1858 .
575 1818 672 1869 BD)
746 1819 770 1855 2
798 1818 1047 1867 Molossique
1077 1817 1198 1857 Mart.
1228 1818 1285 1869 (b)
1368 1818 1392 1855 3
1421 1817 1629 1856 Dodonaei
1659 1816 1780 1855 Illart.

376 1883 490 1935 (BD)
574 1883 728 1932 inclyto
758 1882 879 1922 Mart.
910 1882 980 1933 (D)
1098 1885 1124 1920 4
1154 1884 1278 1921 Ponto
1308 1882 1532 1931 iunguntur
1561 1881 1680 1919 Mart.
1713 1881 1780 1931 (Β)

375 1947 529 1986 Maesia
556 1960 602 1985 ac
630 1947 790 1985 Maedia
819 1946 938 1985 Mart.
969 1946 1083 1998 (BD)
1123 1947 1272 1985 Traces
1301 1946 1421 1984 filare.
1453 1946 1567 1997 (BD)
1624 1947 1647 1983 5
1676 1945 1781 1983 Pon-

376 2017 463 2050 tum
490 2011 611 2049 Mart.
693 2011 838 2049 Haemi
867 2011 986 2049 Mart.
1025 2011 1092 2062 (B)
1175 2012 1198 2048 G
1228 2011 1474 2048 Buthrotum
1503 2010 1625 2048 Mart.
1665 2009 1778 2059 (BD)

377 2077 399 2114 7
430 2089 462 2114 c.
491 2075 696 2124 differtum
727 2075 855 2113 amnis
889 2075 1071 2113 defertur
1099 2075 1220 2113 Illam.
1275 2075 1301 2112 8
1330 2074 1483 2122 aliquot
1503 2073 1620 2112 Mart.
1644 2071 1780 2124 (BlD)

377 2140 534 2179 colonia
554 2139 672 2178 Mart.
731 2141 780 2178 10
800 2152 985 2188 egressos
1007 2169 1015 2177 .
1038 2171 1046 2178 .
1066 2139 1222 2176 Ionium
1243 2139 1390 2188 excipit
1410 2136 1529 2175 Mart.
1589 2138 1634 2174 11
1657 2149 1782 2186 popu-

375 2205 506 2242 lorum
524 2203 740 2253 Aetolique
770 2203 888 2242 Mart.
912 2203 1024 2254 (BD)
1066 2203 1113 2239 12
1135 2202 1316 2252 Calydon
1339 2201 1457 2240 Mari.
1481 2201 1595 2253 (BD)
1655 2200 1704 2237 14
1723 2200 1781 2237 in-

377 2269 508 2308 fluens
537 2268 649 2308 sinus
678 2268 799 2307 Mart.
870 2267 1071 2306 Aetoliam
1100 2280 1146 2305 ac
1176 2266 1295 2305 Mart.
1365 2279 1396 2304 c.
1425 2265 1742 2316 poloponensum
1763 2277 1783 2302 e

378 2346 476 2372 corr.
522 2333 570 2372 M
659 2334 707 2370 15
735 2331 964 2371 Acarnania
992 2331 1111 2370 Mart.
1143 2331 1210 2381 (Β)
1308 2331 1541 2380 Aracyntus
1570 2328 1691 2368 illari.
1722 2328 1780 2379 (b)

380 2397 516 2436 Ozolei
545 2397 664 2436 Mart.
696 2396 764 2448 (B)
830 2410 920 2447 opp.
951 2395 1132 2434 Oeanthe
1161 2395 1280 2433 Mart.
1314 2394 1428 2446 (BR)
1513 2395 1561 2432 10
1590 2392 1782 2432 Phocidis

381 2493 388 2500 .
420 2493 428 2502 .
465 2462 608 2500 Cirrha
636 2461 756 2500 Mart.
798 2461 913 2512 (BR)
989 2461 1036 2497 17
1065 2464 1168 2510 port.
1200 2459 1348 2498 Caleon
1378 2458 1496 2497 illari.
1529 2457 1644 2508 (BR)
1742 2457 1782 2494 in

379 2532 533 2578 septem
563 2556 572 2565 .
594 2557 601 2564 .
625 2556 633 2565 .
663 2525 855 2577 oppidum
883 2525 1065 2574 Delphos
1096 2524 1213 2562 Mart.
1271 2525 1322 2560 20
1351 2537 1382 2562 c.
1414 2522 1586 2572 angulis,
1617 2535 1713 2561 corr.
1734 2535 1782 2560 us

380 2591 615 2629 Heliconem
646 2591 753 2642 (BR)
784 2590 906 2628 iuxta.
964 2589 1296 2639 Peloponuensus
1326 2588 1430 2639 (bR)
1462 2587 1580 2627 Μαι-Ι.

479 2727 488 2753 ¹
515 2729 538 2760 i.
566 2738 594 2761 e.
622 2727 761 2760 Haemi.
810 2725 827 2752 2
854 2724 1034 2759 Chalaeon
1066 2723 1154 2757 I'Iin.
