1916 3254
271 936 286 966 1
295 936 317 968 O

271 1259 314 1291 15

267 1578 313 1612 20

267 1898 313 1930 25

915 242 1175 278 —TG—

341 353 438 393 circi
466 353 697 403 spectacula
732 352 1011 402 prodiderunt,
1048 352 1211 401 quidam
1240 352 1346 390 enim
1375 365 1592 401 aequorum
1621 354 1745 392 canti-

340 418 416 455 bus
435 417 636 466 tibiarum,
668 416 830 465 quidam
850 416 1146 466 saltationibus,
1169 416 1332 465 quidam
1353 417 1531 455 colorum
1548 419 1746 457 varietate

339 480 521 518 nonnulli
566 481 688 518 etiam
733 480 915 518 accensis
961 479 1144 518 faciebus
1183 480 1234 518 ad
1270 492 1414 519 cursus
1459 487 1743 531 provocantur.

340 544 546 583 Affectum
588 544 778 593 equinum
823 544 1012 583 lacrimae
1054 545 1238 595 probant.
1297 544 1484 593 Denique
1532 544 1744 583 interfecto

340 609 559 648 Nicomede
601 621 698 658 rege
739 621 867 657 equus
908 608 995 647 eius
1037 608 1162 647 vitam
1204 608 1364 646 inaedia
1407 608 1573 658 expulit.
1645 608 1747 646 Cum

339 673 490 723 praelio
519 673 748 711 Antiochus
783 672 978 710 Galathas
1020 672 1269 722 subegisset,
1315 671 1547 722 Cyntarreti
1587 672 1748 710 nomine

341 737 467 785 ducis,
498 736 567 785 qui
586 737 627 774 in
649 737 758 774 aciae
787 736 1000 786 ceciderat,
1031 750 1180 785 equum
1208 735 1367 774 insiluit
1397 742 1602 786 ovaturus,
1632 736 1747 786 isque

341 800 440 838 adeo
470 799 625 850 sprevit
652 800 826 850 lupatos,
856 805 901 837 ut
921 800 970 838 de
989 800 1193 839 industria
1223 804 1441 839 cernuatus
1461 799 1579 837 ruina
1598 800 1749 849 pariter

342 870 382 902 et
410 877 453 902 se
492 869 532 902 et
572 864 748 912 equitem
789 863 1003 913 affligeret.
1059 865 1231 913 Ingenia
1273 877 1468 913 equorum
1512 869 1551 902 et
1587 863 1748 901 Claudii

342 929 529 967 Caesaris
565 929 766 967 circenses
803 930 1027 979 probantur
1064 942 1153 967 cum
1183 928 1313 967 effuso
1342 934 1500 967 rectore
1528 928 1750 977 quadrigae

342 1006 484 1031 currus
512 993 690 1031 aemulos
719 1006 799 1030 non
819 993 951 1030 minus
972 998 1063 1031 astu
1084 1006 1204 1041 quam
1223 993 1439 1031 velocitate
1468 998 1750 1043 praverterent

341 1062 382 1095 et
399 1063 492 1108 post
520 1057 690 1096 decursa
718 1057 897 1106 legitima
926 1057 1057 1108 spatia
1086 1057 1137 1094 ad
1165 1057 1296 1095 locum
1324 1057 1455 1107 palmo
1484 1062 1627 1107 sponte
1657 1069 1747 1094 con-

341 1121 551 1170 sisterent,
595 1121 707 1159 velut
743 1120 936 1159 victoriae
977 1120 1198 1170 praemium
1243 1122 1508 1170 postularent.
1564 1121 1748 1159 Excusso

342 1199 499 1234 quoque
528 1185 669 1233 auriga
689 1197 807 1232 quem
826 1184 1133 1221 Rutumannum
1160 1185 1432 1234 nominabant,
1462 1185 1602 1222 relicto
1624 1189 1749 1222 certa-

340 1249 447 1287 mine
476 1249 527 1286 ad
557 1248 801 1298 Capitolium
831 1248 1030 1297 quadriga
1057 1249 1262 1298 prosilivit
1298 1261 1373 1287 nec
1412 1253 1506 1286 ante
1548 1248 1749 1297 subsistit,

341 1326 460 1361 quam
506 1312 724 1362 Tarpeium
767 1312 907 1350 Iovem
954 1312 1060 1350 trina
1107 1312 1362 1351 dextratione
1408 1313 1634 1351 lustrasset.
1698 1312 1748 1350 In

338 1377 508 1415 huiusce
549 1377 734 1415 animalis
776 1389 924 1425 genere
967 1382 1079 1415 aetas
1128 1376 1287 1426 longior
1330 1378 1532 1425 maribus3
1576 1378 1750 1426 legimus

340 1456 437 1481 sane
466 1456 614 1491 equum
643 1442 692 1479 ad
731 1455 858 1480 annos
895 1442 1157 1492 septuaginta
1191 1443 1365 1492 vixisse3
1409 1442 1489 1480 iam
1523 1442 1636 1480 illum
1671 1455 1752 1480 non

338 1507 452 1545 venit
478 1506 521 1544 in
548 1506 800 1556 ambiguum,
838 1507 950 1555 quod
985 1507 1027 1544 in
1055 1519 1205 1544 annum
1233 1507 1399 1545 tertium
1435 1512 1475 1545 et
1503 1507 1752 1544 tricesimum

338 1576 554 1621 generant,
596 1575 737 1621 utpote
773 1571 841 1619 qui
886 1572 1006 1609 etiam
1048 1576 1144 1620 post
1179 1571 1417 1610 vicesimum
1452 1571 1666 1609 mittantur
1701 1571 1752 1609 ad

338 1635 518 1673 sobolem
545 1634 814 1673 reficiendam.
871 1635 1067 1673 Notatum
1097 1636 1218 1673 etiam
1255 1635 1516 1684 advertimus,
1549 1635 1750 1686 Opuntem

338 1699 499 1738 nomine
528 1713 702 1748 aequum
737 1700 787 1737 ad
830 1700 1058 1749 gregariam
1100 1713 1289 1738 venerem
1332 1700 1503 1738 durasse
1537 1700 1588 1737 ad
1624 1713 1752 1738 annos

339 1763 647 1812 quinquaginta.

443 1827 640 1877 Assyriil
675 1828 900 1877 Adgabene
939 1829 1157 1878 incipiunt,
1199 1842 1300 1877 quos
1338 1828 1487 1879 excipit
1521 1828 1682 1866 Moedia
1711 1828 1752 1865 in

339 1897 558 1943 prospectu
595 1890 734 1942 Caspii
770 1894 911 1942 maris,
954 1907 1055 1942 quae
1086 1893 1280 1946 Caucasis
1316 1893 1523 1931 montibus
1563 1893 1750 1941 cingitur.

340 1956 421 1994 Sed
459 1955 665 1994 Caucasus
701 1962 838 2006 portas
880 1957 1022 2003 habet,
1066 1971 1167 2006 quas
1207 1957 1376 2008 Caspias
1413 1957 1571 2006 dicunt,
1615 1958 1748 1995 scilicet

339 2021 516 2058 cautium
557 2021 830 2071 praecisiones
875 2021 995 2059 etiam
1037 2021 1181 2060 ferreis
1225 2021 1410 2059 trabibus
1453 2021 1661 2059 obseratas
1699 2020 1749 2058 ad

445 2174 468 2211 3
496 2173 654 2211 facibus
683 2173 760 2212 Sol.
842 2175 865 2211 6
896 2174 1061 2212 Galatas
1092 2173 1170 2213 Sol.
1255 2174 1452 2212 Cintareti
1485 2173 1561 2212 Sal.
1638 2174 1659 2211 7
1690 2173 1747 2211 in-

340 2238 467 2277 silivit
495 2238 572 2280 Sol,
605 2239 677 2290 (H)
747 2239 770 2276 9
800 2239 920 2276 etiam
952 2238 1111 2276 Claudii
1140 2239 1216 2278 Sol.
1251 2240 1323 2290 (H)
1397 2241 1446 2279 lo
1475 2239 1749 2289 probaverunt

340 2303 418 2342 Sol.
477 2304 524 2340 12
545 2316 577 2341 c.
599 2303 784 2352 decursu,
807 2316 906 2341 corr.
928 2317 950 2340 a
998 2305 1045 2342 15
1067 2303 1253 2341 substitit
1274 2303 1350 2342 sol.
1374 2303 1418 2354 (S
1431 2304 1468 2341 A
1479 2303 1528 2352 P)
1579 2303 1627 2340 18
1647 2302 1747 2340 illud

339 2366 417 2406 Sol.
474 2368 523 2404 ‘22
543 2367 584 2404 in
615 2367 687 2417 (H)
719 2380 846 2405 annos
876 2367 1143 2417 quadraginta
1173 2367 1250 2406 Sol.
1307 2369 1358 2405 24
1378 2367 1591 2406 Adiabene
1622 2366 1744 2405 Mart.

341 2430 400 2482 (b)
473 2431 609 2469 Media
638 2431 758 2470 Mart.
842 2432 891 2469 ‘25
922 2431 1138 2470 Caucaseis
1170 2432 1288 2471 Mart.
1321 2433 1388 2483 (B)
1464 2431 1619 2470 scilicet
1648 2432 1745 2469 dees!

340 2496 459 2535 Mart.

441 2656 447 2681 ¹
475 2657 577 2690 Mart.
605 2656 663 2699 ri,
690 2656 859 2689 θοι-93.
