1916 3254
795 257 1068 294 „IX-

236 382 364 418 usque
393 369 442 407 ad
471 369 664 418 ultimam,
704 373 748 406 ut
776 369 831 406 ita
860 367 1001 416 dicam,
1038 366 1195 416 Thylen
1230 366 1359 415 ipsam
1388 367 1634 415 pervenisse,

237 434 342 472 Vere
363 434 468 471 enim
486 447 591 472 nova
620 433 907 481 scientiamque
936 430 1246 480 geographicam
1273 429 1519 480 proferentia
1538 436 1635 469 tunc

237 502 394 535 tantum
428 497 573 536 litteris
616 497 806 535 mandare
843 496 993 546 potuit,
1033 495 1067 533 si
1106 494 1213 532 orbis
1248 498 1404 543 partem
1431 494 1517 544 ipse
1546 507 1632 544 per-

239 566 433 611 agrasset.

342 626 491 663 Fontes
528 625 684 663 varium
720 625 761 662 in
789 622 951 660 modum
985 635 1057 672 pro
1102 622 1296 671 cuiusque
1337 626 1480 660 natura
1514 627 1633 670 atque

237 690 370 728 indole
404 689 453 726 ab
496 693 658 726 auctore
700 686 893 736 descripti
935 690 1043 726 sunt.
1101 686 1179 732 Qui
1213 687 1254 724 in
1289 686 1415 736 primo
1454 687 1554 723 libro
1585 686 1634 723 de

237 754 413 792 maribus
449 765 676 801 oceanoque
711 751 874 789 uberius
909 750 1066 787 locutus
1102 750 1256 788 insulas
1291 750 1547 801 perstringit,
1592 750 1632 787 in

238 819 413 856 secundo
456 816 563 854 orbis
606 820 803 853 terrarum
844 817 980 863 partes
1022 813 1249 851 accuratius
1292 819 1461 852 enarrat.
1519 814 1632 852 Libri

237 881 356 931 primi
392 879 501 929 prior
540 891 635 928 pars
676 876 889 928 praecipue
924 889 944 914 e
972 876 1079 914 Mela
1109 876 1245 915 Solino
1274 877 1432 915 Isidoro
1473 878 1633 928 dempta

237 950 308 993 est,
347 943 473 980 altera
499 955 548 980 ex
575 942 730 980 Isidoro
760 940 895 978 Solino
921 939 1104 989 Aethico,
1134 941 1236 978 liber
1264 942 1466 980 secundus
1487 956 1507 980 e
1527 943 1632 980 Mela

236 1007 371 1045 Solino
400 1005 611 1044 Martiano.
667 1005 716 1042 In
745 1017 914 1054 quorum
941 1004 1171 1042 narratione
1208 1005 1459 1054 compilanda
1495 1011 1633 1044 auctor

234 1071 389 1109 ratione
425 1082 523 1108 usus
560 1073 622 1107 est
658 1069 776 1117 longe
813 1069 862 1105 ab
899 1073 984 1106 arte
1020 1067 1159 1106 critica
1186 1073 1350 1106 remota.
1405 1069 1497 1107 Non
1527 1069 1632 1107 enim

233 1135 477 1173 Martianum
505 1133 642 1171 Solino
676 1145 806 1181 neque
834 1132 964 1170 Melae
1006 1132 1205 1183 permulta
1247 1132 1391 1171 debere
1434 1132 1632 1171 intellexit

233 1212 363 1248 neque
392 1197 596 1236 Isidorum
624 1195 859 1247 saepissime
888 1195 1026 1234 eadem
1054 1195 1204 1234 referre
1233 1209 1334 1245 quae
1363 1197 1510 1235 Melam
1531 1197 1631 1235 Soli-

233 1276 329 1301 num
356 1260 600 1300 Martianum
628 1260 750 1309 vidit,
789 1260 861 1299 sed
891 1261 1116 1310 promiscue
1145 1260 1205 1298 uti
1233 1260 1351 1298 libuit
1385 1260 1516 1299 frusta
1551 1261 1631 1299 sin-

234 1327 340 1377 gulis
376 1326 607 1364 auctoribus
649 1325 864 1374 desumpta
899 1324 986 1362 sine
1014 1324 1096 1362 ulla
1139 1324 1421 1362 coniunctione
1462 1325 1633 1363 interius

234 1391 342 1429 facta
370 1390 611 1439 composuit,
651 1402 728 1438 quo
758 1389 804 1426 fit
831 1392 876 1426 ut
904 1388 1042 1426 multis
1071 1388 1170 1426 locis
1201 1388 1340 1427 eadem
1378 1389 1538 1427 aliunde
1568 1402 1633 1428 ex-

238 1458 373 1505 cerpta
401 1458 626 1491 narrentur.
685 1453 811 1503 Saepe
841 1452 1024 1501 singulae
1051 1452 1224 1490 fontium
1252 1457 1386 1503 partes
1417 1454 1554 1491 eadem
1584 1453 1633 1490 de

234 1533 276 1557 re
306 1518 552 1556 disserentes
582 1523 662 1555 tam
690 1518 779 1555 laxe
808 1517 1016 1566 adpositae
1045 1522 1140 1555 sunt
1168 1522 1212 1554 ut
1239 1517 1359 1555 unius
1383 1517 1492 1555 verbi
1511 1516 1633 1555 inter-

234 1582 404 1621 iectione
446 1582 624 1630 legamus
669 1581 871 1630 ,Isidorus‘
917 1582 982 1619 vel
1027 1581 1215 1630 ,Solinus‘
1258 1586 1332 1620 etc.
1401 1583 1536 1630 Atque
1577 1581 1633 1618 ita

238 1652 378 1684 auctor
398 1646 492 1694 quia
511 1646 708 1695 quomodo
729 1646 834 1684 inter
854 1659 896 1683 se
917 1646 1177 1684 cohaererent
1206 1645 1424 1695 scriptores
1454 1646 1632 1695 excerpti

233 1723 313 1749 non
333 1710 447 1759 vidit,
476 1711 556 1748 ullo
585 1711 671 1749 loco
701 1723 803 1759 quae
831 1710 943 1748 varia
972 1710 1109 1748 dixere
1136 1710 1177 1747 in
1207 1723 1331 1748 unum
1359 1711 1548 1759 colligere
1568 1709 1629 1747 vel

233 1774 328 1823 quid
356 1774 443 1824 ipse
472 1775 521 1813 de
548 1788 591 1813 re
621 1775 788 1812 sentiret
816 1773 949 1812 dicere
979 1778 1148 1812 conatus
1177 1787 1257 1812 non
1286 1779 1358 1813 est.

342 1839 408 1877 Ad
435 1837 719 1887 geographiam
747 1837 874 1887 ipsam
903 1838 1129 1886 spectantia
1157 1838 1286 1875 Melae
1317 1837 1632 1887 chorographiae

234 1909 274 1943 et
307 1904 348 1941 in
384 1901 525 1953 primis
553 1900 744 1938 Martiani
780 1900 883 1939 libro
919 1901 967 1939 de
1010 1902 1229 1949 geometria
1271 1901 1484 1951 desumpta
1525 1908 1631 1939 sunt.

233 1968 314 2006 Ubi
351 1970 490 2005 auctor
526 1965 721 2014 originem
759 1965 964 2003 nominum
998 1965 1253 2015 propriorum
1287 1966 1352 2003 vel
1383 1979 1518 2003 rerum
1545 1979 1632 2004 ver-

232 2034 452 2080 borumque
481 2029 702 2067 finitionem
731 2029 960 2079 investigat,
991 2029 1137 2067 Isidori
1157 2029 1411 2079 etymologiis
1432 2043 1529 2068 usus
1550 2034 1630 2079 est3

232 2095 429 2134 mirabilia
458 2098 591 2131 autem
618 2098 816 2131 terrarum
844 2093 1025 2142 gentium
1053 2092 1268 2132 fluviorum
1290 2107 1390 2142 quae
1418 2098 1515 2132 tunc
1535 2098 1632 2132 tem-

231 2160 341 2210 poris
376 2158 568 2196 memoria
601 2156 840 2206 dignissima
875 2164 1012 2195 essent
1041 2171 1061 2195 e
1091 2157 1227 2196 Solino
1264 2158 1475 2208 excerpsit.
1533 2158 1631 2196 Oro-

234 2224 337 2261 sium
366 2221 559 2272 expilavit
594 2222 752 2260 duobus
787 2226 943 2259 tantum
980 2221 1081 2260 locis
1109 2222 1150 2259 in
1179 2222 1267 2271 ipso
1297 2221 1411 2260 initio
1451 2222 1632 2273 opusculi

235 2291 355 2334 atque
395 2285 465 2324 ubi
503 2286 552 2324 de
586 2286 728 2324 Africa
769 2286 963 2336 loquitur,
1008 2299 1028 2324 e
1059 2286 1173 2324 Pauli
1216 2287 1389 2336 epitome
1418 2286 1529 2324 Festi
1565 2286 1631 2324 de-

235 2350 408 2400 scripsit,
439 2363 540 2398 quae
570 2350 620 2388 de
647 2350 840 2400 Ausonia,
871 2364 920 2388 ex
947 2350 1118 2388 Aethico
1149 2363 1250 2399 quae
1280 2350 1328 2388 de
1357 2350 1502 2388 insulis
1533 2350 1630 2388 Ger-

232 2413 406 2462 maniae,
443 2426 464 2451 e
494 2412 663 2451 Caesare
702 2427 802 2463 quae
838 2414 888 2452 de
918 2414 1049 2452 Gallia
1083 2414 1192 2453 dicit.
1248 2415 1467 2453 Auctorem
1503 2428 1523 2452 e
1559 2427 1631 2452 sua

230 2476 399 2515 scientia
423 2477 636 2525 quicquam
664 2479 759 2517 novi
787 2478 983 2517 adiecisse
1013 2492 1134 2529 supra
1162 2479 1241 2516 iam
1268 2480 1520 2528 negavimus,
1555 2492 1631 2527 quo

230 2540 276 2579 fit
305 2546 350 2579 ut
378 2541 516 2580 eodem
546 2541 661 2580 modo
698 2543 822 2581 verba
856 2542 977 2581 faciat
1006 2557 1084 2592 quo
1115 2543 1276 2581 Solinus
1313 2543 1378 2582 vel
1408 2543 1476 2581 alii
1506 2543 1629 2592 scrip-

233 2611 358 2643 tores:
402 2605 488 2655 ipse
518 2618 561 2643 se
591 2604 708 2654 fingit
737 2606 865 2644 civem
893 2607 1118 2645 Romanum
1147 2608 1276 2656 deque
1305 2608 1398 2646 orbe
1434 2612 1630 2645 terrarum

234 2669 340 2706 haud
371 2682 487 2708 secus
516 2669 694 2718 loquitur
729 2682 775 2707 ac
812 2669 846 2708 si
880 2671 1091 2720 imperium
1120 2672 1344 2708 Romanum
1374 2671 1502 2721 ipsius
1532 2676 1629 2707 ‘sem-
