1916 3254
292 997 337 1030 10

296 1317 339 1349 15

295 1638 342 1674 20

356 431 540 456 occasum
568 417 786 455 verticibus
815 417 1036 466 intuentes,
1072 430 1164 455 nam
1193 423 1324 455 ortum
1352 417 1490 455 Pelius
1518 417 1642 456 videt.
1698 417 1755 455 Hi

358 494 492 519 omnes
534 485 691 519 montes
732 481 893 519 teatrali
934 494 1044 519 more
1087 487 1317 519 curvantur.
1374 481 1580 519 Tessaliae
1622 481 1756 519 vicina

357 543 585 593 Magnesia,
625 545 739 582 cuius
777 544 868 582 fons
909 550 971 582 est
999 545 1176 583 Libetris
1214 544 1363 594 poetici
1398 544 1568 583 haustus
1596 545 1756 582 nomine

359 608 596 646 celebratus.
652 608 889 646 Macedonia
917 613 1078 658 postea,
1118 614 1277 647 centum
1312 607 1605 657 quinquaginta
1633 621 1758 658 popu-

358 673 486 711 lorum
531 672 715 710 maximis
750 673 914 722 regibus
960 673 1117 723 11101113,
1157 672 1477 723 praesertimque
1514 672 1756 721 Alexandro,

361 736 427 784 qui
456 750 477 773 α
507 736 708 787 Phylippo
739 750 828 774 cum
856 742 974 775 natus
1005 737 1247 785 crederetur„
1278 737 1363 774 eius
1392 741 1520 774 mater
1549 736 1759 786 Olympias

361 800 533 838 dracone
572 814 662 838 eum
697 806 933 851 conceptum
972 814 1061 840 esse
1098 801 1357 839 memorabat.
1416 800 1490 838 Hic
1527 800 1658 838 victor
1686 800 1761 850 snit*

361 863 486 913 orbis,
524 877 616 902 nam
644 865 806 903 easdem
834 866 1127 915 peragrationis
1157 871 1196 903 et
1224 864 1416 903 victoriae
1452 869 1579 902 metas
1608 863 1760 911 habuit,

361 941 459 976 quas
494 927 617 966 Liber
645 934 685 966 et
718 929 930 968 Hercules.
985 929 1097 967 Haec
1140 935 1274 966 tamen
1310 928 1549 966 Macedonia
1591 927 1762 978 populos

364 992 431 1040 qui
460 993 610 1030 Edonii
639 993 876 1031 dicebantur
905 997 1109 1041 totamque
1137 992 1400 1041 Miccloniam,
1440 992 1616 1029 Pieriam
1644 991 1763 1028 Ema-

362 1057 567 1105 thiamque
595 1057 749 1107 recepit
776 1057 817 1094 in
847 1071 1003 1095 nomen.
1059 1057 1170 1095 Haec
1201 1057 1242 1094 in
1272 1056 1455 1094 Tratium
1491 1056 1659 1094 limitem
1686 1060 1765 1094 ter-

363 1121 514 1159 minum
543 1121 671 1171 ducit;
709 1121 930 1159 meridiana
959 1122 1044 1159 eius
1073 1134 1167 1171 pars
1196 1134 1218 1158 a
1251 1121 1416 1170 Pyrotis
1445 1115 1660 1167 Habitatur‚
1697 1132 1765 1157 ve-

364 1199 481 1236 spera
500 1185 702 1223 Dardanis
732 1190 771 1223 et
790 1185 961 1233 Hilliris,
993 1199 1014 1222 a
1044 1185 1319 1234 septentrione
1348 1193 1397 1222 es!
1420 1183 1693 1233 Paphlagonia
1722 1195 1767 1220 ac

364 1249 521 1288 Peonia.
578 1250 688 1287 Inter
716 1250 844 1299 ipsam
881 1258 920 1287 et
949 1248 1126 1287 Tratiam
1155 1248 1283 1285 amnis
1313 1248 1499 1286 Stremon
1532 1260 1604 1297 pro
1641 1246 1768 1284 limite

366 1320 427 1353 est
455 1316 503 1352 ab
533 1314 624 1352 Emi
652 1314 799 1352 montis
829 1313 979 1352 vertice
1009 1313 1201 1351 defluens.
1258 1312 1307 1349 In
1337 1325 1383 1350 ea
1411 1312 1619 1361 Rhodope,
1650 1324 1768 1360 quem

365 1378 614 1417 Micdonium
642 1384 829 1416 asserunt
857 1383 1044 1416 montem.
1102 1377 1160 1415 Ibi
1189 1382 1252 1415 est
1280 1389 1395 1414 mons
1424 1376 1556 1413 Athos
1587 1379 1627 1412 et
1662 1380 1770 1412 terra

367 1442 535 1491 Orestis,
565 1443 621 1480 ibi
649 1443 796 1492 Flegra
824 1455 932 1480 nunc
960 1441 1115 1490 civitas,
1146 1446 1243 1479 tunc
1263 1440 1482 1489 Gigantum
1512 1438 1771 1489 praeliorum-

368 1520 443 1555 que
484 1506 704 1544 inmanium
746 1506 972 1545 temeritate
1012 1506 1177 1544 famosa.
1236 1504 1426 1553 Sequitur
1455 1503 1613 1552 Tratia5
1657 1501 1771 1540 cuius

370 1571 523 1609 incolae
551 1571 677 1608 Bardi
706 1571 855 1609 habent
885 1571 1109 1622 appetitum
1137 1570 1353 1607 maximum
1382 1568 1531 1607 mortis.
1572 1568 1609 1605 A
1629 1567 1770 1605 dextra

368 1641 483 1686 parte
527 1635 742 1674 Strimonis
785 1640 879 1673 sunt
926 1635 1045 1674 Bessi
1091 1634 1239 1684 aliique
1287 1647 1406 1683 quam
1451 1633 1599 1683 plures.
1669 1631 1772 1669 Nam

370 1701 523 1740 Ebrum
545 1700 727 1739 Odrissie
747 1699 862 1738 nives
893 1700 1104 1750 complent,
1135 1699 1203 1748 qui
1232 1698 1338 1736 inter
1367 1697 1551 1735 diversos
1580 1696 1774 1734 barbaros

369 1765 499 1804 fluens
526 1766 696 1803 letiam
739 1764 924 1802 Ciconias
972 1764 1130 1815 perluit.
1207 1763 1388 1809 Quorum
1430 1761 1601 1799 confinio
1645 1759 1773 1798 Emus

478 1891 497 1926 1
529 1902 560 1926 0.
590 1887 710 1938 plius,
742 1900 839 1926 corr.
869 1886 999 1938 pelius
1069 1886 1092 1923 3
1122 1884 1326 1924 Libethris
1356 1884 1476 1922 Mart.
1507 1882 1618 1934 (BR)
1701 1881 1724 1918 6
1754 1894 1777 1918 a

371 1956 465 1993 deese
497 1953 615 1991 Mart.
647 1953 703 2002 (b)
760 1952 781 1988 ’ἶ
812 1950 877 1989 1110
1011 1950 1085 1988 fuit
1115 1951 1211 1988 deest
1242 1949 1362 1987 Mart.
1429 1949 1477 1984 10
1506 1960 1537 1985 0.
1567 1951 1776 1994 totumque

370 2017 606 2065 miodonam,
637 2029 733 2054 corr.
756 2020 961 2063 totamque
981 2014 1226 2052 Micdoniam
1283 2014 1330 2049 1‘2
1359 2025 1382 2049 a
1409 2010 1576 2049 meridie
1596 2008 1777 2058 Epirotis

373 2082 501 2122 filare.
528 2080 768 2129 (meridiana
803 2079 968 2130 epirotis
1007 2091 1100 2116 corr.
1138 2079 1174 2115 in
1212 2076 1404 2114 meridiae
1440 2075 1489 2112 ab
1528 2072 1694 2123 epirotis
1725 2071 1775 2121 B)

374 2161 395 2186 a
437 2159 608 2196 vespera
650 2158 672 2182 a
716 2175 723 2182 .
764 2174 773 2182 .
809 2173 817 2181 .
858 2142 1010 2193 Illyriis
1054 2141 1172 2179 Mart.
1326 2141 1374 2177 13
1413 2145 1473 2177 est
1516 2139 1612 2176 deest
1656 2135 1776 2173 ΔΠανί.

376 2213 425 2249 14
453 2210 630 2248 Paeonia
658 2208 778 2246 1111111.
809 2207 866 2258 (b)
993 2205 1204 2244 Thraciam
1233 2204 1351 2245 Mart.
1383 2203 1452 2253 (Π)
1589 2200 1779 2250 Strymon

375 2275 496 2314 illari.
527 2274 711 2325 (strimon
740 2272 793 2321 D)
878 2274 924 2311 123
955 2271 1099 2309 Haemi
1128 2269 1244 2308 Μαι-1.
1283 2268 1350 2320 (Bi
1436 2267 1483 2304 16
1512 2264 1780 2316 Mygdonium

378 2341 494 2380 Marl.
525 2340 592 2391 (B)
679 2338 724 2375 17
755 2337 930 2386 Phlegra
961 2335 1079 2374 Mart.
1109 2334 1222 2384 (BR)
1306 2331 1630 2383 proeliorumque
1659 2328 1780 2366 λίαν-1.

381 2407 428 2444 18
455 2404 687 2443 immanium
716 2402 836 2440 Mart.
926 2399 1097 2438 Thracia
1127 2398 1244 2436 Mai-1.
1355 2397 1403 2433 19
1439 2395 1592 2433 incolae
1620 2392 1781 2432 barbari

380 2471 498 2510 Mare.
608 2468 663 2506 Et
700 2467 768 2516 qui
802 2480 824 2504 a
860 2465 1023 2504 dextera
1061 2469 1174 2515 parte
1210 2460 1437 2512 Strymonis
1473 2460 1624 2509 degunt
1662 2457 1781 2495 Mart.

379 2537 427 2573 21
458 2534 639 2572 Hebrum
669 2531 788 2570 Mart.
819 2530 932 2581 (BR)
977 2527 1174 2578 Odrysiae
1206 2527 1323 2565 Mart.
1380 2526 1430 2562 22
1462 2523 1633 2562 Ciconas
1663 2521 1784 2560 Mart.

380 2599 562 2638 Haemus
593 2597 711 2635 Mart.
744 2595 795 2647 (B
807 2595 859 2642 R)

484 2723 490 2748 ¹
521 2723 566 2757 11).
595 2721 654 2757 w.
682 2719 855 2754 656—59.
