1916 3254
801 280 853 284 -
907 260 928 295 7
983 280 1035 284 .-

215 368 359 405 itinere
387 379 508 404 manu
527 366 634 404 facto
655 367 775 416 longo
797 372 886 405 octo
906 367 1068 404 milibus
1087 379 1292 416 passuum,
1321 379 1414 404 nam
1441 366 1613 403 latitudo

215 431 284 468 vix
317 435 379 468 est
420 430 600 479 plaustro
643 430 910 480 permeabilis·
966 430 1013 468 In
1040 430 1103 468 his
1138 429 1338 478 angustiis
1367 429 1488 467 etiam
1514 429 1615 467 illud

213 499 279 532 est
307 506 515 543 asperum,
558 494 666 542 quod
706 495 978 544 praecisorum
1019 494 1190 532 laterum
1231 507 1326 532 saxa
1369 493 1615 542 liquentibus

214 558 320 595 inter
339 570 383 594 se
403 557 498 595 salis
518 557 633 595 venis
659 557 864 595 exundant
892 558 1057 595 humore
1085 556 1405 606 affluentissimo,
1435 557 1504 606 qui
1524 570 1615 595 con-

213 622 382 659 strictus
411 622 453 659 vi
482 621 642 659 callium
670 621 783 660 velut
810 621 851 658 in
881 622 1080 659 aestivum
1107 621 1254 670 glatiae
1284 626 1529 671 corporatur,
1560 621 1616 659 ita
1665 627 1686 661 5

215 686 326 723 labes
356 684 466 723 invia
494 698 700 722 accessum
728 690 861 733 negat.
891 685 1109 723 Praeterea
1131 689 1218 723 octo
1240 690 1280 723 et
1298 684 1444 734 viginti
1463 684 1616 722 milium

215 762 408 800 passuum
435 754 590 786 tractus
620 748 767 796 omnis,
807 761 966 796 quoquo
996 748 1089 786 inde
1116 749 1312 798 pergitur,
1341 749 1460 786 humo
1490 748 1614 797 arida,

215 813 302 851 sine
336 812 514 862 presidio
551 810 648 849 sitit.
705 811 818 848 Tunc
853 816 1061 861 serpentes
1096 811 1275 860 undique
1314 811 1495 860 gentium
1524 825 1615 849 con-

217 889 342 915 venae
373 889 396 913 a
423 887 546 913 verno
590 875 727 912 statim
770 874 835 912 die
869 875 965 912 iHuc
1002 874 1220 912 confluunt.
1276 875 1341 912 Ita
1375 875 1543 925 periculi
1571 888 1618 913 ac

216 938 468 978 difficultatis
497 938 711 976 concordia
739 938 789 976 ad
819 937 989 988 Caspios
1017 938 1096 976 nisi
1124 938 1254 976 hieme
1283 951 1470 976 accessus
1497 952 1617 987 nega·
1643 942 1688 975 10

213 1009 291 1042 tur.
351 1002 555 1040 Scithicus
590 1015 613 1039 a
648 1001 824 1050 Scithia,
868 1001 1022 1039 Scithia
1047 1003 1056 1028 1
1085 1007 1218 1040 autem
1246 1002 1351 1040 sicut
1380 1006 1419 1040 et
1448 1002 1568 1040 Gotia
1596 1015 1618 1040 a

215 1068 366 1115 Magog
393 1065 475 1104 filio
504 1065 639 1103 Iafeth
657 1065 788 1104 fertur
808 1065 1101 1114 cognominata,
1132 1078 1224 1103 nam
1236 1065 1252 1092 ‘2
1273 1065 1498 1103 Gothorum
1517 1066 1618 1103 anti-

215 1130 410 1180 quissima
438 1129 550 1179 origo
581 1129 631 1167 de
649 1129 800 1178 Magog
827 1128 909 1166 filio
938 1128 1042 1166 Iafet
1068 1128 1157 1178 fuit,
1188 1129 1294 1168 unde
1323 1134 1363 1167 et
1392 1129 1620 1167 Scitharum

213 1208 315 1244 gens
345 1194 489 1232 extitit.
526 1193 631 1231 Nam
659 1198 699 1231 et
727 1193 835 1231 idem
865 1193 988 1231 Gothi
1008 1192 1185 1231 Scithica
1213 1193 1436 1243 probantur
1465 1194 1619 1242 origine

213 1258 299 1296 nati
327 1258 434 1296 unde
463 1271 537 1296 nec
565 1258 684 1306 longe
713 1271 736 1294 a
763 1257 958 1295 vocabulo
988 1257 1231 1306 discrepant.
1269 1256 1487 1295 Demutata
1515 1257 1620 1295 enim
1645 1263 1687 1296 15

213 1336 261 1360 ac
304 1323 485 1360 detracta
524 1322 659 1359 littera
696 1321 851 1359 Gethae
894 1320 1009 1369 quasi
1045 1320 1207 1359 Scithae
1249 1325 1344 1359 sunt
1384 1320 1616 1371 nuncupati.

213 1387 327 1424 Haec
345 1387 360 1413 3
388 1390 495 1424 terra
525 1385 617 1424 olim
644 1385 790 1434 ingens
819 1384 908 1433 fuit,
938 1398 1031 1422 nam
1059 1385 1108 1422 ab
1139 1384 1293 1423 oriente
1321 1385 1446 1434 India,
1478 1399 1499 1422 a
1530 1398 1617 1435 sep-

216 1451 417 1488 tentrione
445 1449 613 1499 paludes
642 1448 842 1487 Meotides
871 1449 911 1486 in
941 1449 1172 1486 Danubium
1201 1453 1240 1486 et
1268 1462 1462 1487 oceanum
1488 1462 1616 1497 usque

216 1514 269 1552 ad
305 1513 559 1551 Germaniam
593 1512 695 1550 fines
732 1512 1052 1562 porrigebantur.
1109 1512 1373 1550 Germanicus
1403 1526 1424 1550 a
1453 1513 1616 1551 Germa-

216 1578 295 1623 nia,
316 1578 330 1604 ⁴'
360 1589 462 1625 quae
490 1577 545 1614 ita
575 1576 681 1614 dicta
711 1580 774 1614 est
801 1582 966 1626 propter
998 1575 1288 1614 fecunditatem
1323 1576 1617 1625 gignendorum
1641 1581 1687 1615 20

217 1641 467 1692 populorum.
516 1640 626 1686 Quae
653 1639 764 1688 regio
792 1645 887 1689 post
907 1639 1101 1677 Scithiam
1129 1639 1358 1677 inferiorem
1389 1653 1411 1677 a
1430 1640 1616 1678 Danubio

218 1705 324 1743 inter
349 1705 535 1742 Rhenum
563 1703 730 1741 fluvium
760 1716 1030 1752 oceanumque
1059 1704 1247 1741 conclusa
1276 1704 1451 1752 cingitur
1478 1717 1500 1741 a
1529 1717 1617 1754 sep-

217 1769 420 1807 tentrione
450 1774 488 1806 et
517 1781 662 1806 occasu
692 1781 851 1816 oceano,
882 1768 931 1805 ab
953 1772 1043 1805 ortu
1063 1781 1158 1805 vero
1179 1767 1378 1817 Danubio,
1409 1781 1431 1805 a
1451 1768 1618 1806 meridie

218 1833 362 1871 Rheno
399 1831 523 1870 fluvio
559 1830 772 1871 dirimitur.
828 1831 943 1869 Duae
977 1835 1112 1869 autem
1147 1836 1243 1869 sunt
1272 1830 1521 1880 Germaniae,
1552 1845 1617 1869 su-

218 1896 352 1947 perior
380 1897 490 1933 iuxta
517 1894 874 1945 septentrionalem
903 1908 1107 1943 oceanum,
1136 1894 1302 1932 inferior
1323 1895 1429 1933 circa
1447 1895 1616 1933 Renum.
1642 1902 1687 1936 25

324 2018 348 2054 2
377 2017 476 2055 illud
504 2030 693 2067 asperum
727 2016 806 2056 Sol.
862 2017 889 2053 4
915 2017 1123 2055 humorem
1152 2016 1504 2055 affluentissimum
1541 2016 1617 2055 Sol.

217 2081 404 2131 (SAP2)
512 2083 535 2119 5
577 2081 619 2119 Vi
657 2081 802 2119 caloris
846 2080 923 2119 Sol.
981 2080 1177 2119 aestivam
1218 2080 1381 2129 glatiem
1423 2080 1500 2118 Sol.
1544 2080 1616 2131 (H)

220 2181 270 2217 10
297 2193 329 2218 c.
359 2179 644 2218 difficultitatis
672 2179 704 2216 ti
733 2192 827 2217 eras.
904 2180 951 2216 12
982 2192 1012 2219 c.
1043 2145 1145 2217 iafei:l
1166 2179 1218 2217 JI
1284 2180 1332 2217 16
1362 2192 1394 2218 c.
1425 2179 1616 2227 detrecta,

220 2257 319 2282 corr.
340 2248 469 2282 tracta
525 2244 574 2281 18
601 2257 672 2294 per
700 2243 866 2294 paludes
895 2243 950 2282 M.
979 2243 1085 2282 inter
1102 2243 1334 2281 Danubium
1363 2275 1369 2281 .
1403 2272 1411 2280 .
1443 2272 1450 2280 .
1482 2273 1489 2280 .
1521 2242 1619 2280 Ger-

220 2341 376 2380 maniae
405 2341 506 2380 fines
533 2343 815 2392 porrigebatur
843 2343 935 2380 Ise'd.
992 2343 1042 2379 22
1063 2354 1094 2380 c.
1125 2306 1268 2380 i¹enum
1290 2341 1337 2379 M
1389 2341 1441 2377 24
1460 2331 1498 2379 c.'
1522 2305 1619 2379 ileno

222 2405 275 2443 M
377 2404 518 2444 Rheno
547 2405 712 2444 flumine
740 2407 831 2445 Isia.

321 2540 331 2565 ¹
355 2538 482 2571 Scichia
510 2559 551 2562 —
581 2541 809 2581 coynominaca
842 2550 887 2572 ex
921 2539 1006 2573 Isid.
1040 2541 1088 2574 ib.
1116 2539 1211 2575 XIV.
1247 2540 1280 2578 3,
1307 2539 1364 2572 31.
1422 2537 1438 2563 2
1464 2548 1509 2571 ex
1534 2537 1618 2571 Isid.

222 2599 269 2632 ib.
298 2598 366 2641 IX,
406 2598 442 2640 2,
465 2598 521 2632 26.
547 2597 603 2631 27.
630 2596 685 2629 89.
737 2597 752 2623 3
776 2597 866 2629 Haec
893 2617 933 2621 —
960 2596 1214 2640 porriyebantur
1247 2607 1293 2629 ex
1320 2596 1405 2630 Isid.
1440 2596 1489 2629 ib.
1524 2594 1620 2634 XIV,

222 2657 258 2700 3,
286 2656 341 2690 31.
392 2656 406 2681 4
432 2655 612 2689 Germania
639 2674 683 2680 ——
707 2657 795 2688 circa
821 2655 970 2688 Rhenum
999 2666 1044 2688 ex
1068 2655 1154 2689 Isid.
1181 2656 1228 2688 ib.
1257 2654 1353 2697 XIV,
1378 2654 1412 2694 4,
1439 2655 1472 2687 4.
