1916 3254
745 272 1000 308 -.63—

174 380 222 418 ab
258 380 456 431 Hispania
496 380 598 419 freto
641 382 850 420 scinditur.
904 381 1050 421 Latere
1085 395 1213 431 usque
1248 382 1298 420 ad
1332 383 1564 434 Memphym

173 444 318 494 vergit,
347 444 519 483 fontium
547 447 662 496 inops
691 450 764 494 est,
802 445 962 483 infamis
992 445 1077 494 siti;
1108 447 1357 494 altrinsecus,
1395 459 1473 494 qua
1506 459 1565 484 se-

172 507 439 557 ptentrionem
472 510 639 559 patitur,
676 509 840 557 aquario
876 509 1006 559 larga;
1043 509 1084 546 in
1113 523 1208 558 agro
1239 509 1458 547 Bizanteno
1498 510 1567 558 qui

174 576 285 621 patet
313 585 504 621 passuum
534 573 716 612 ducentis
736 573 802 612 vel
830 573 999 623 amplius
1028 573 1199 623 milibus,
1230 574 1358 622 glebis
1378 573 1435 611 ita
1455 587 1567 624 prae-

171 636 352 686 pinguis,
395 642 438 674 ut
480 637 583 675 iacta
626 637 682 675 ibi
723 637 874 675 semina
917 650 1005 675 cum
1046 638 1289 676 incremento
1326 637 1566 676 centesimae
1615 643 1634 673 5

170 699 298 748 frugis
339 706 612 739 renascantur.
668 701 761 739 Item
798 703 871 751 ipse
907 702 949 739 cle
986 702 1126 739 intimis
1162 701 1299 751 Lybiae
1341 702 1566 751 qetzta‘bussl

172 763 287 810 Quod
316 765 364 802 ab
394 766 587 803 Athlante
616 778 742 813 usque
773 765 1062 814 Oanopitanum
1093 766 1239 803 ostium
1267 765 1468 815 panditur,
1498 765 1567 802 ubi

170 827 310 866 Libiae
351 829 443 867 finis
485 834 563 879 est,
609 835 647 867 et
680 829 929 878 Aegyptium
970 828 1109 877 limen,
1153 829 1303 866 dictum
1345 842 1368 866 a
1404 828 1565 877 Canopo

168 892 344 930 Menelai
371 894 640 942 gubernatore
676 892 833 941 sepulto
862 893 903 929 in
933 905 978 929 ea
1006 892 1138 929 insula
1167 905 1267 940 quae
1304 893 1450 930 ostium
1483 891 1566 929 Nili

168 956 275 1005 facit,
306 962 446 1005 gentes
475 961 613 994 tenent
641 956 804 1006 dissone
825 956 986 1003 quaein
1006 956 1119 993 aviae
1148 956 1376 994 solitudinis
1398 968 1564 1004 sequen·
1590 960 1634 992 10

170 1019 277 1057 tibus
305 1024 571 1058 recesserunt.
609 1020 673 1057 Ex
693 1019 755 1057 his
775 1019 990 1057 Athlantes
1019 1021 1067 1057 ab
1097 1020 1270 1058 humano
1290 1020 1371 1057 ritu
1399 1032 1564 1069 prorsus

168 1083 331 1122 exulant
339 1097 347 1132 3
377 1083 477 1121 nulli
496 1084 701 1134 proprium
721 1084 970 1133 vocabulum,
991 1083 1091 1121 nulli
1112 1084 1279 1134 spetiale
1299 1097 1443 1122 nomen
1455 1097 1462 1132 3
1486 1083 1563 1120 diri

167 1147 265 1185 solis
295 1152 406 1186 ortus
436 1148 659 1197 excipiunt,
697 1147 774 1185 diri
804 1161 970 1186 occasus
999 1152 1278 1197 prosecuntur.
1315 1148 1455 1195 utique
1485 1152 1563 1185 tor-

166 1211 293 1249 rentis
320 1212 440 1261 plaga
468 1217 540 1250 est.
598 1211 661 1250 De
696 1225 740 1249 re
774 1216 932 1249 uterum
967 1212 1085 1250 deum
1122 1212 1223 1250 lucis
1258 1212 1461 1249 affirmant
1496 1224 1563 1249 eos

168 1275 323 1312 somnia
356 1287 436 1312 non
467 1275 602 1313 videre
632 1279 672 1313 et
700 1275 904 1313 abstinere
940 1275 1102 1324 penitus
1132 1276 1179 1312 ab
1209 1274 1447 1313 animalibus
1476 1274 1562 1311 uni·
1588 1280 1631 1313 15

166 1338 308 1378 versis.
364 1339 577 1378 Trocodite
612 1353 757 1390 specus
795 1344 1010 1388 excavant,
1054 1339 1134 1378 illis
1177 1344 1384 1388 teguntur;
1428 1339 1562 1376 nullus

167 1402 225 1440 illi
267 1403 441 1441 habendi
482 1417 608 1453 amor,
653 1417 675 1441 a
717 1403 871 1441 divitiis
913 1408 1150 1454 paupertate
1190 1417 1234 1441 se
1276 1403 1564 1441 abdicaverunt

169 1466 404 1505 voluntaria.
460 1467 634 1505 Tantum
669 1467 803 1517 lapide
840 1480 919 1505 uno
954 1468 1188 1518 gloriantur,
1224 1481 1340 1516 quem
1374 1480 1562 1506 exsecon-

166 1531 382 1569 thalithum
409 1532 674 1581 nominamus,
706 1537 787 1569 tam
816 1532 989 1570 diversis
1017 1533 1124 1570 notis
1154 1545 1349 1582 sparsum,
1380 1536 1424 1569 ut
1453 1544 1562 1569 sexa-

165 1595 279 1644 ginta
307 1609 553 1645 gemmarum
582 1596 734 1634 colores
764 1595 805 1632 in
834 1595 920 1634 eius
948 1609 1072 1646 parvo
1111 1596 1288 1635 orbiculo
1318 1596 1562 1646 depraehen-
1584 1601 1631 1636 20

166 1659 323 1698 dantur.
370 1660 566 1698 Homines
594 1660 663 1697 isti
692 1660 879 1698 carnibus
907 1659 1051 1698 vivunt
1079 1660 1325 1710 serpentium
1354 1659 1563 1709 ignarique

166 1723 362 1760 sermonis
404 1723 581 1761 stridunt
620 1723 756 1774 potius
803 1737 920 1772 quam
965 1725 1161 1762 locuntur.
1230 1724 1423 1773 Authgile
1466 1736 1563 1762 vero

168 1786 276 1824 solos
305 1787 441 1824 colunt
459 1786 626 1836 inferos;
656 1786 825 1825 feminas
845 1801 939 1825 suas
959 1788 1098 1838 primis
1118 1787 1304 1826 noctibus
1332 1787 1564 1837 nuptiarum

167 1849 360 1888 adulteris
390 1855 538 1900 cogunt
564 1855 715 1901 patere,
746 1865 837 1889 mox
866 1852 916 1889 ad
944 1857 1179 1902 perpetuam
1207 1851 1446 1902 pudiciciam
1465 1851 1563 1901 legi-

167 1913 242 1951 bus
263 1914 468 1962 stringunt
496 1914 775 1953 severissimis.
816 1914 1137 1964 Gamphasantes
1159 1916 1366 1953 abstinent
1384 1915 1560 1965 proeliis,
1585 1919 1630 1954 25

272 2073 291 2109 1
321 2073 345 2110 l.
377 2072 483 2121 quod
512 2072 561 2110 ad
590 2073 797 2111 meridiem
825 2087 862 2111 v,
894 2072 970 2111 Sol.
1080 2074 1103 2110 2
1133 2086 1166 2112 c.
1194 2073 1389 2112 fonstium
1418 2087 1437 2111 s
1466 2087 1561 2112 eras.

166 2141 205 2174 et
232 2135 392 2174 infamis
421 2136 498 2176 Sol.
595 2149 626 2176 c.
656 2136 864 2186 infamisti,
896 2149 993 2174 corr.
1025 2137 1093 2175 siti
1202 2140 1225 2176 3
1255 2136 1465 2187 Byzaceno
1486 2138 1562 2176 Sol.

167 2199 397 2251 (bizanceno
426 2201 483 2252 H)
537 2202 563 2238 4
591 2201 671 2239 mil.
702 2201 790 2239 duc.
820 2215 856 2239 v.
887 2215 921 2240 a.
946 2200 1023 2239 Sol.
1084 2206 1131 2241 10
1159 2206 1358 2240 secretum
1386 2215 1562 2241 recesse-

162 2270 257 2302 runt
277 2264 354 2303 Sol.
411 2266 459 2302 12
480 2265 579 2303 diris
599 2295 608 2304 .
628 2296 637 2304 .
659 2265 757 2303 diris
778 2264 854 2303 Sol.
878 2265 1082 2317 (LGHP)
1133 2270 1180 2305 13
1202 2266 1363 2317 ustique
1384 2267 1562 2315 undique

166 2327 244 2367 Sol.
268 2328 339 2379 (H)
396 2330 444 2366 14
462 2329 602 2380 plagae
630 2329 762 2368 sidere
790 2329 961 2368 oderunt
990 2330 1026 2367 d.
1048 2329 1125 2368 Sol.
1157 2330 1292 2380 (plaga
1318 2335 1380 2368 est
1401 2329 1485 2368 dire
1504 2330 1561 2381 H)

165 2391 380 2430 adfirmant
400 2392 479 2431 Sol.
538 2394 585 2430 16
605 2393 862 2443 Trogodytae
883 2393 959 2432 Sol.
1008 2394 1142 2432 nullus
1163 2393 1218 2432 ibi
1238 2394 1312 2433 Sol.
1374 2395 1423 2431 18
1442 2394 1562 2432 hexe-

167 2456 414 2495 contalithon
442 2456 520 2495 Sol.
553 2457 905 2508 (execontalithum
933 2458 1030 2509 LG)
1088 2459 1138 2498 ‘20
1166 2458 1206 2495 in
1235 2472 1271 2510 p.
1303 2472 1336 2499 0.
1368 2458 1453 2497 eius
1483 2457 1561 2496 Sol.

167 2521 217 2558 22
244 2520 419 2570 Augilae
448 2520 525 2559 Sol.
581 2522 632 2558 24
660 2521 869 2560 adulteriis
899 2521 976 2560 Sol.
1008 2522 1078 2574 (H)

264 2672 275 2698 1
301 2673 429 2718 xxm,
455 2673 556 2707 1-6.
