1916 3254
718 304 978 342 -47-

149 414 357 463 Scipiones
405 413 630 452 condidere.
700 414 801 452 Nam
842 413 971 451 Pheni
1017 412 1238 450 fundavere
1285 411 1540 461 Cartaginem

148 477 330 516 conditas
360 478 599 526 ubicumque
627 478 747 515 urbes
777 477 902 515 amico
933 477 1008 515 sibi
1037 477 1196 515 nomine
1225 477 1540 526 praesignantes.

151 541 229 579 Sed
266 541 516 591 praedictum
552 542 658 579 latus
688 555 709 578 a
739 541 903 591 Pyrinei
938 541 1043 589 iugis
1081 541 1120 578 in
1152 540 1268 577 aliam
1296 540 1541 589 provintiam

147 605 389 653 dissecatur,
441 604 639 653 siquidem
685 603 899 642 Boaeticae
947 617 970 641 a
1012 604 1316 653 septentrionali
1368 603 1539 640 confinio

147 668 359 706 Lusitania
397 669 585 717 sotiatur,
626 668 688 705 cui
727 681 870 705 nomen
905 667 1039 704 fabula
1069 681 1092 704 a
1120 668 1211 704 lusu
1240 667 1377 704 Liberi
1413 667 1540 716 patris
1592 673 1611 704 5

145 732 211 770 vel
241 745 329 770 cum
359 745 404 770 eo
433 731 712 770 bacchantium
741 731 916 769 sotiavit.
965 731 1076 769 Haec
1106 744 1262 779 quoque
1292 720 1539 779 cognominis

147 795 269 833 fluvio
304 800 549 846 permeatur,
586 795 679 832 licet
715 808 801 832 eam
829 794 964 842 Tagus
995 807 1153 842 quoque
1183 795 1316 831 arenis
1351 794 1541 832 inlustret

148 860 277 898 aurati
306 859 393 897 soli;
433 858 608 908 Siphone
628 858 710 895 illic
731 858 919 908 oppidum
939 858 987 894 ab
1008 857 1128 895 Ulixe
1159 857 1363 895 conditum
1391 858 1538 906 ferunt,

147 937 195 961 ex
216 923 330 961 cuius
349 921 509 959 nomine
536 921 883 970 promuncturium
905 923 1026 963 aiunl,
1057 921 1163 969 quod
1183 921 1307 958 maria
1333 926 1540 969 terrasque

149 986 371 1035 distinguit.
427 985 530 1022 Nam
559 985 608 1022 ab
638 985 724 1022 eius
753 985 904 1021 ambitu
939 984 1102 1021 inchoat
1139 997 1246 1021 mare
1276 984 1473 1021 Gallicum
1503 990 1542 1021 et
1565 985 1613 1019 10

146 1050 269 1088 facies
311 1048 636 1099 septentrionalis
679 1048 834 1096 oceani,
878 1047 1118 1085 Adlanticus
1153 1061 1248 1085 vero
1278 1052 1318 1085 et
1353 1048 1542 1085 occiduus

146 1117 373 1163 permeatur
401 1124 586 1160 oceanus,
617 1111 683 1160 qui
714 1116 797 1148 tum
818 1111 1040 1161 Hispaniae
1069 1111 1265 1148 limitatur
1294 1112 1542 1149 excursibus,

146 1177 191 1214 In
220 1177 306 1214 eius
336 1188 494 1224 quoque
523 1174 695 1213 confinio
725 1188 917 1223 equarum
945 1174 1078 1213 fetura
1107 1176 1240 1212 ventis
1277 1175 1544 1253 maritanss'bus
1636 1172 1682 1248 ll:

146 1241 329 1279 inolescit
356 1240 540 1278 volucres
568 1240 670 1289 proli
701 1252 856 1289 cursus,
890 1240 977 1288 ipso
1010 1239 1188 1289 spirante
1217 1238 1408 1276 Favonio.
1465 1238 1543 1275 Ve-

145 1319 233 1343 rum
260 1305 429 1343 Boetica
466 1310 633 1342 cunctas
668 1304 852 1342 ubertate
888 1303 1152 1341 fecunditatis
1180 1303 1404 1352 provintias
1433 1307 1542 1340 ante·
1569 1304 1613 1337 15

146 1368 269 1407 venit.

180 1425 183 1427 ’
250 1432 470 1470 Pirineusl
513 1431 673 1480 quidem
718 1444 765 1468 ex
807 1431 932 1469 altero
974 1431 1100 1469 latere
1137 1431 1356 1468 Galliarum
1394 1430 1542 1468 finibus

147 1497 403 1544 admovetur,
448 1509 470 1532 a
509 1496 622 1533 cuius
659 1494 889 1543 regionibus
930 1495 1121 1543 quicquid
1163 1495 1373 1532 interiacet
1414 1507 1542 1543 usque

145 1561 332 1598 Rhenum
363 1565 401 1597 et
430 1560 525 1596 item
554 1559 660 1596 inter
689 1571 881 1596 oceanum
910 1557 1091 1596 Gallicum
1123 1564 1162 1596 et
1190 1563 1365 1596 montem
1391 1557 1541 1596 Ceben-

145 1637 236 1661 nam
275 1628 314 1661 et
350 1623 454 1660 Iuris
483 1622 648 1660 Gallicis
686 1622 920 1670 regionibus
957 1622 1216 1659 adtributum.
1273 1622 1330 1659 De
1369 1635 1444 1672 quav
1473 1621 1541 1659 So-
1565 1623 1613 1656 20

146 1688 302 1726 lim1s:·2
342 1687 496 1725 Galliae
525 1687 630 1724 inter
658 1687 844 1724 Rhenum
873 1692 913 1724 et
941 1686 1143 1724 Pirineum
1174 1686 1270 1724 item
1297 1686 1402 1725 inter
1431 1699 1541 1724 ocea-

145 1765 240 1789 num
269 1758 309 1790 et
343 1755 499 1789 montes
529 1749 757 1788 Cebennam
793 1764 839 1788 ac
880 1750 991 1788 Iures
1033 1751 1314 1800 porriguntur„
1357 1751 1543 1799 praepin-

146 1816 293 1865 guibus
329 1815 458 1864 glebis
501 1815 737 1852 accomodae
779 1815 1042 1864 proventibus
1084 1814 1318 1852 fructuariis
1353 1815 1544 1864 plereque

253 1967 271 2002 1
303 1965 427 2003 Poeni
456 1964 576 2003 Mart.
653 1964 939 2013 Carthaginem
967 1964 1086 2002 Mart.
1117 1964 1228 2015 (BR)
1301 1966 1327 2001 4
1355 1965 1544 2003 Baeticae

1296 2028 1317 2065 7

145 2029 263 2067 Mart.
345 2031 368 2065 ὃ
397 2042 428 2066 c.
455 2028 563 2080 lu[su
591 2027 723 2080 lib]eri
792 2028 816 2065 6
846 2028 1071 2076 cognomini
1101 2027 1221 2066 Mart.
1348 2042 1380 2067 c.
1409 2034 1542 2078 tagus,

145 2140 241 2166 corr.
269 2140 317 2165 us
372 2128 397 2165 8
425 2127 588 2166 auratis.
620 2126 826 2176 Olisipone
847 2126 965 2166 Mart.
1023 2127 1046 2163 9
1075 2140 1108 2165 c.
1137 2100 1480 2176 promunctorium
1500 2127 1549 2165 M

145 2192 257 2229 aiunt
292 2192 387 2229 deest
416 2191 536 2229 Mart.
611 2192 656 2228 11
689 2204 720 2229 c.
752 2191 988 2240 adlanticas,
1035 2204 1132 2229 corr.
1169 2205 1216 2229 us
1326 2193 1372 2230 12
1410 2192 1544 2230 termi-

763 2261 779 2281 Ο

145 2295 264 2327 natur
299 2302 470 2328 oceanus
496 2289 616 2328 Ellam.
700 2303 730 2328 c.
761 2302 933 2339 aceanus
959 2289 1007 2327 M
1075 2291 1124 2327 14
1152 2303 1183 2328 c.
1213 2290 1403 2339 indescit⁷
1440 2303 1541 2327 corr.

144 2353 329 2391 inolescit
410 2353 458 2390 17
486 2353 592 2391 idem
626 2353 752 2402 igitur
786 2353 1020 2403 Pyrenaeus
1058 2367 1106 2392 ex
1143 2354 1219 2392 alio
1254 2354 1378 2392 latere
1420 2353 1542 2391 ᾹΙανΙ.

146 2417 195 2454 18
223 2430 247 2454 a
275 2416 388 2454 cuius
415 2416 617 2454 radicibus
637 2417 756 2455 ῘΙΙαντ.
815 2418 862 2454 19
891 2417 1088 2455 Gallicum
1118 2420 1213 2455 deest
1243 2417 1363 2455 Mart.
1421 2418 1472 2455 20
1501 2422 1542 2455 et

145 2493 326 2531 superscr.
365 2479 414 2517 M
421 2481 430 2507 ¹
539 2493 571 2518 c.
608 2480 719 2519 duris
755 2481 867 2531 (BR)
904 2482 914 2519 i
949 2494 1046 2519 corr.
1078 2481 1129 2518 JI
1135 2483 1142 2508 ¹
1252 2482 1383 2519 Iuram
1418 2481 1542 2519 Mart.

144 2544 194 2580 22
222 2544 327 2582 Iuris
356 2543 433 2582 Sol.
466 2544 538 2594 (H)

241 2701 252 2726 1
279 2701 379 2734 Mart.
406 2700 465 2743 VL
494 2700 572 2735 634.
623 2700 638 2726 2
664 2701 759 2745 XXI,
788 2701 818 2734 1.
