1916 3254
827 274 1060 310 —3—

685 385 746 440 [1]
781 384 884 434 Quid
916 385 973 426 sit
1007 384 1197 426 Oceanus.

351 476 523 514 Oceanus
552 484 600 514 est
632 490 733 514 mare
762 478 952 523 e.rterius;
995 475 1065 525 qui
1097 476 1139 513 in
1174 475 1311 513 circuli
1342 476 1458 513 modo
1483 476 1493 502 l
1523 476 1634 513 ambil

246 541 367 578 orbem
405 539 551 588 quique
569 540 585 567 2
620 540 739 578 etiam
774 540 882 578 omni
923 539 987 577 die
1025 540 1161 589 dispar
1207 553 1312 577 nunc
1353 539 1528 577 assiduis
1568 552 1639 589 per

246 608 398 654 septem
414 603 499 642 dies
520 604 716 642 attollitur
735 604 1005 652 incrementis,
1022 617 1128 640 nunc
1147 603 1452 651 insequentibus
1472 602 1638 641 totidem

245 667 387 706 diebus
414 669 587 706 naturali
616 669 758 706 damno
788 673 828 705 et
855 667 1015 706 defectu
1042 667 1232 706 interiore
1261 667 1509 705 subducitur.
1687 668 1706 699 5

742 791 803 844 [2]
836 791 948 833 Unde
981 791 1148 833 dicitur.

346 883 547 920 Oceanum
566 884 580 908 3
609 887 648 919 et
668 882 786 919 Greci
807 886 846 919 et
866 880 1002 918 Latini
1030 882 1119 919 ideo
1148 882 1366 931 nominant,
1398 896 1442 920 eo
1473 883 1578 932 quod
1599 883 1639 920 in

245 946 383 985 circuli
411 946 528 983 modo
556 945 706 982 ambiat
735 946 883 994 orbem,
913 945 1000 982 sive
1030 957 1052 981 a
1081 945 1296 994 celeritate,
1327 959 1372 983 eo
1403 947 1508 994 quod
1534 946 1639 984 otius

245 1015 388 1048 currat.

301 1138 363 1192 [3]
397 1139 454 1180 De
486 1139 576 1180 eius
608 1138 697 1180 situ
726 1150 884 1181 necnon
914 1150 1084 1181 accessu
1114 1151 1360 1193 recessuque
1391 1140 1588 1181 mirabili.
1665 1145 1709 1178 10

347 1230 464 1268 Iste4
502 1234 581 1279 est,
624 1230 693 1279 qui
730 1243 820 1268 oras
864 1234 1062 1268 terrarum
1100 1231 1354 1280 amplectitur
1396 1231 1640 1280 alternisque

244 1295 422 1332 aestibus
457 1293 612 1332 accedit
645 1298 764 1342 atque
791 1293 954 1331 recedit.
988 1289 1322 1343 ⁷Respirantibus
1351 1295 1456 1332 enim
1484 1296 1525 1332 in
1552 1309 1640 1345 pro-

244 1359 411 1396 fundum
440 1358 573 1396 ventis
602 1363 671 1395 aut
698 1358 869 1396 revomit
905 1357 1031 1395 maria
1065 1362 1133 1395 aut
1166 1359 1348 1396 resorbet
1383 1364 1423 1396 et
1450 1364 1495 1397 ut
1523 1359 1639 1397 Pom-

244 1423 388 1474 ponius
415 1423 522 1460 Mela
549 1422 616 1471 ait,
637 1423 651 1449 5
679 1426 792 1459 tanta
811 1421 853 1459 Vi
879 1435 1038 1471 semper
1064 1422 1275 1460 inmissum
1303 1429 1348 1460 ut
1376 1428 1493 1462 vasta
1522 1424 1640 1461 etiam

243 1485 408 1524 flumina
444 1490 552 1524 retro
588 1490 682 1534 agat
718 1490 758 1523 et
791 1490 861 1523 aut
904 1487 1112 1523 terrestria
1148 1486 1421 1536 deprehendat
1455 1487 1641 1525 animalia
1667 1491 1709 1524 15

244 1555 314 1588 aut
347 1550 501 1588 marina
535 1550 739 1587 destituat.
795 1549 935 1598 Neque
963 1550 1094 1587 adhuc
1123 1550 1223 1588 satis
1252 1552 1455 1599 cognitum
1485 1555 1546 1589 est
1573 1564 1640 1588 an-

245 1615 424 1653 helitune
460 1614 500 1652 id
538 1627 610 1652 suo
648 1614 821 1652 mundus
851 1614 1012 1663 efficiat,
1047 1618 1341 1663 retractamque
1376 1628 1465 1652 cum
1494 1615 1640 1665 spiritu

244 1683 404 1728 regerat
437 1677 602 1727 undam,
639 1678 691 1726 si,
720 1682 766 1714 ut
794 1677 1042 1715 doctioribus
1076 1678 1219 1727 placet,
1255 1691 1379 1715 unum
1407 1678 1552 1716 animal
1581 1685 1643 1717 est

245 1755 295 1780 an
325 1743 406 1781 sint
443 1741 624 1792 depressi
659 1740 783 1789 aliqui
820 1754 982 1791 specus,
1027 1754 1104 1789 quo
1139 1742 1388 1791 reciprocata
1422 1743 1547 1780 maria
1582 1757 1642 1781 re-

245 1807 380 1845 sidant
408 1811 527 1854 atque
562 1805 655 1843 inde
684 1817 727 1842 se
761 1817 902 1842 rursus
940 1805 1201 1843 exuberantia
1235 1806 1433 1856 attollant,
1470 1820 1520 1844 an
1548 1807 1643 1844 luna
1666 1807 1712 1840 20

246 1883 387 1908 causas
406 1869 544 1907 multis
564 1869 762 1906 meatibus
781 1869 981 1919 praebeat.
1015 1869 1072 1906 At
1091 1874 1203 1907 ortus
1223 1874 1331 1908 certe
1351 1870 1437 1908 eius
1458 1883 1641 1908 occasus-

246 1946 322 1981 que
364 1932 572 1971 variantur
605 1945 734 1981 neque
776 1932 914 1970 eodem
956 1933 1119 1971 assidue
1159 1938 1357 1983 tempore;
1401 1934 1473 1971 sed
1502 1939 1547 1971 ut
1575 1933 1643 1972 illa

349 2056 373 2093 3
401 2068 502 2105 quae
540 2055 647 2093 omni
682 2055 745 2093 die
783 2055 891 2094 Oros.
960 2068 1068 2094 nunc
1101 2055 1304 2094 succiduis
1334 2055 1444 2094 Oros.
1545 2057 1567 2093 7
1597 2070 1642 2095 eo

246 2120 352 2169 quod
380 2119 435 2172 in]
467 2121 507 2158 ίη
535 2121 703 2168 maryz'ne
733 2121 914 2169 scriplum
942 2127 993 2157 est
1020 2133 1138 2157 manu
1166 2133 1258 2158 saec.
1290 2119 1395 2158 XIII
1420 2121 1536 2158 tribus
1564 2133 1642 2159 ver-

246 2185 344 2221 sibus
371 2213 380 2222 .
409 2213 417 2221 .
445 2213 454 2222 .
483 2197 529 2222 eo
572 2184 678 2232 quod
713 2183 768 2221 sit
802 2184 898 2222 orbe
927 2215 935 2224 .
963 2213 971 2221 .
1001 2213 1008 2221 .
1039 2184 1213 2221 ambitus
1254 2188 1374 2222 notus
1402 2213 1410 2222 .
1437 2213 1446 2222 .
1475 2214 1483 2222 .
1522 2184 1642 2234 (n0?)

246 2260 337 2284 men
365 2247 449 2285 suis
512 2248 560 2284 13
589 2261 620 2286 c.
650 2247 856 2300 re[u]omit
910 2261 942 2285 c.
971 2252 1017 2285 ut
1044 2240 1089 2285 ᾗ.
1117 2239 1170 2285 Π,
1199 2247 1255 2284 ait
1318 2248 1366 2286 18
1394 2247 1542 2284 undam
1573 2259 1641 2284 un-

248 2309 367 2358 dique
395 2311 430 2348 si
458 2310 546 2349 Mel.
601 2311 652 2349 20
680 2311 786 2349 unde
814 2311 901 2349 Mel.
935 2311 1001 2363 (L)
1071 2312 1118 2348 21
1150 2325 1181 2350 c.
1211 2311 1369 2361 multas,
1399 2312 1524 2350 tantis
1553 2311 1640 2351 Mel.

248 2373 297 2411 22
327 2372 494 2411 adsidue
524 2373 611 2412 Mel.
641 2375 732 2425 (A'2)

342 2494 354 2521 ²
379 2495 422 2530 ef.
442 2495 544 2529 Mart.
565 2495 624 2539 VI,
642 2496 710 2530 622
730 2508 902 2539 permenso
931 2500 966 2530 in
991 2498 1153 2531 circulum-
1178 2501 1268 2531 mari
1291 2498 1528 2541 undiquesecus
1552 2503 1642 2532 nati-

245 2558 330 2596 9ac0.
394 2552 410 2578 2
443 2555 559 2595 quique
586 2572 626 2577 -
653 2553 846 2586 subducitur
878 2566 924 2589 ex
949 2556 1050 2590 Oros.
1082 2557 1148 2599 VI,
1181 2557 1246 2600 14,
1277 2557 1310 2591 1.
1372 2557 1387 2584 3
1411 2570 1568 2591 oceanum
1599 2577 1642 2583 —

245 2616 358 2646 currat
383 2621 428 2643 ex
453 2611 537 2646 Isid.
563 2614 680 2657 origg.
700 2611 796 2654 XIII,
813 2613 870 2656 15,
896 2613 929 2647 1.
977 2612 993 2639 4
1017 2616 1077 2646 iste
1098 2635 1135 2638 —-
1156 2613 1294 2647 resorbet
1313 2626 1358 2647 ex
1375 2615 1459 2649 Isid.
1479 2616 1527 2648 ib.
1547 2615 1642 2659 XIII,

247 2671 304 2713 15,
330 2671 361 2703 1.
412 2671 427 2697 5
452 2670 515 2712 111,
540 2671 643 2704 1-2,
