1916 3254
766 300 1025 336 ,79-

193 413 333 446 tenent
369 408 432 446 cui
466 408 575 458 prior
609 409 750 457 regina
778 409 967 447 Herculis
996 409 1089 446 filia.
1147 411 1191 447 In
1226 423 1271 448 eo
1307 415 1439 448 tractu
1469 409 1589 447 etiam

192 472 334 510 Nisam
362 473 503 510 urbem
531 486 620 511 esse
647 473 794 511 Libero
823 473 928 523 patri
957 487 1112 512 sacram
1149 480 1404 523 montemque
1432 474 1590 512 Merum

191 537 290 585 lovi⁷
321 536 428 574 unde
456 536 594 575 fabula
622 543 694 586 est,
726 551 816 575 eum
842 537 949 576 Iovis
978 539 1129 576 semine
1158 544 1421 588 procreatum.

300 600 406 638 Haec
434 615 483 639 ea*
513 601 623 639 India
657 602 815 640 breviter
843 601 1087 645 chzrcianns,
1125 614 1251 640 rerum
1279 601 1431 640 Solinus
1466 603 1590 640 stilum

194 666 330 702 ducens
360 666 530 714 diffusius
560 666 709 715 inquid:
736 667 744 691 ¹
773 678 795 702 a
814 665 946 703 Medis
976 665 1179 703 montibus
1209 666 1440 715 auspicatur
1460 665 1589 715 India,

195 741 217 766 a
245 728 465 766 meridiano
500 729 601 766 mari
627 738 810 779 porrecta
839 730 889 766 ad
918 743 1033 767 eoum
1061 729 1231 768 Favonii
1267 729 1453 780 spiritum
1487 730 1590 767 salu-

192 791 376 830 berrima.
415 793 464 829 In
493 805 596 830 anno
625 792 688 830 bis
718 798 913 831 aestatem
941 793 1073 841 habet„
1102 794 1164 831 bis
1185 794 1283 842 legit
1302 794 1470 842 frugem,
1502 794 1590 831 vice

192 856 336 895 hiemis
371 856 545 895 ethesias
579 857 742 906 patitur.
800 857 917 894 Hanc
951 857 1219 895 Possidonius
1262 858 1458 896 adversus
1497 857 1589 895 Gal-

193 920 269 958 liae
299 920 460 967 statuit;
491 933 587 958 sane
615 920 882 968 nequicquam
902 934 949 958 ex
969 934 1015 958 ea
1035 921 1211 958 dubium.
1246 921 1349 958 Nam
1369 921 1590 959 Alexandri

192 984 332 1033 Magni
369 984 489 1021 armis
527 988 731 1032 comperta
769 989 808 1020 et
843 983 1011 1021 aliorum
1048 985 1303 1033 postmodum
1332 998 1472 1033 regum
1502 984 1588 1022 dili-

193 1047 329 1096 gentia
369 1052 580 1096 peragrata.
624 1046 788 1095 penitus
836 1047 1056 1095 cognitioni
1100 1052 1262 1085 nostrae
1309 1047 1470 1085 addicta
1517 1053 1589 1085 est.

190 1110 477 1159 Megasthenes
506 1123 601 1147 sane
631 1110 737 1160 apud
757 1110 917 1148 Indicos
946 1124 1062 1159 reges
1092 1111 1384 1160 aliquantisper
1412 1116 1589 1149 moratus

190 1187 255 1212 res
284 1174 442 1212 Indicas
471 1174 650 1223 scripsit,
689 1180 733 1211 ut
762 1174 889 1222 fidem,
927 1188 1045 1222 quam
1075 1175 1214 1213 oculus
1243 1175 1482 1221 subiecerat,
1512 1188 1589 1212 me-

190 1238 339 1275 moriae
377 1238 500 1275 daret.
556 1237 767 1275 Dionisius
806 1251 963 1286 quoque
1000 1244 1039 1276 et
1071 1239 1158 1288 ipse
1187 1238 1466 1288 Phyladelpho
1496 1250 1591 1286 rege

189 1306 393 1353 spectator
433 1302 581 1339 missus
624 1301 796 1350 gratiam
837 1301 1126 1351 periclitandae
1169 1302 1352 1340 veritatis
1399 1301 1589 1352 prodidit.

192 1366 373 1403 Tradunt
400 1365 442 1402 in
471 1365 585 1403 India
612 1365 738 1403 fuisse
768 1366 944 1414 quinque
973 1365 1080 1403 milia
1110 1366 1348 1416 oppidorum
1374 1366 1591 1415 praecipua

192 1429 429 1480 capacitate,
464 1429 704 1479 populorum
733 1439 878 1467 novem
905 1429 1026 1467 milia.
1086 1429 1169 1467 Diu
1199 1429 1318 1468 etiam
1347 1430 1499 1468 credita
1529 1437 1591 1468 est

187 1495 307 1532 tertia
334 1506 428 1543 pars
458 1506 546 1531 esse
582 1498 797 1541 terrarum;
838 1506 912 1531 nec
946 1493 1090 1530 mirum
1119 1494 1173 1531 sit
1200 1493 1266 1531 vel
1300 1493 1348 1531 de
1384 1494 1590 1531 hominum

188 1557 253 1595 vel
282 1557 331 1595 de
360 1557 520 1594 urbium
549 1557 673 1607 copia,
712 1569 801 1594 eum
830 1556 906 1594 soli
933 1557 1026 1594 Indi
1054 1570 1272 1606 numquam
1301 1571 1323 1595 a
1351 1558 1475 1595 natali
1504 1558 1588 1596 solo

1616 989 1659 1021 10

1615 1310 1659 1342 15

186 1621 440 1659 recesserint.
486 1621 645 1658 Indiam
664 1621 787 1658 Liber
815 1627 929 1671 pater
956 1621 1109 1671 primus
1138 1620 1347 1670 ingressus
1369 1627 1429 1659 est
1450 1627 1588 1672 utpote
1611 1629 1657 1663 20

190 1684 259 1734 qui
295 1685 470 1722 omnium
506 1685 658 1735 primus
693 1684 970 1734 triumphavit.
1026 1685 1090 1722 Ab
1125 1685 1200 1723 hoc
1236 1685 1285 1722 ad
1313 1685 1589 1723 Alexandrum

187 1749 383 1798 Magnum
410 1754 673 1787 numerantur
702 1762 899 1786 annorum
918 1762 989 1787 sex
1010 1749 1119 1786 milia
1140 1749 1453 1798 quingentorum
1474 1750 1588 1798 quin-

189 1813 383 1862 quaginta
410 1825 534 1850 unum
554 1818 593 1850 et
613 1813 784 1863 amplius
816 1814 945 1851 tribus
974 1812 1193 1862 mensibus,
1223 1813 1360 1851 habita
1380 1827 1452 1863 per
1470 1826 1588 1862 reges

189 1877 486 1926 computatione
513 1877 582 1925 qui
607 1882 766 1915 centum
793 1877 1083 1925 quinquaginta
1103 1882 1185 1914 tres
1206 1878 1384 1914 tenuisse
1413 1877 1589 1914 medium

191 1941 558 1991 deprehenduntur.
613 1941 779 1978 Maximi
813 1941 855 1978 in
897 1953 942 1978 ea
984 1953 1121 1978 amnes
1166 1940 1328 1989 Ganges
1367 1946 1407 1978 et
1447 1941 1588 1978 Indus.

295 2072 318 2107 2
347 2068 502 2119 Nysam
530 2068 649 2108 Illart.
680 2068 756 2117 (D)
839 2069 862 2105 3
891 2068 999 2107 Iovis
1026 2068 1174 2106 femine
1203 2068 1323 2107 Mart.
1363 2069 1420 2120 (b)
1502 2069 1528 2105 4
1557 2081 1588 2107 c.

1614 1949 1658 1982 25

187 2139 426 2206 haegxindia
454 2167 506 2205 M
563 2168 586 2205 5
614 2167 764 2205 Mediis
793 2166 868 2205 soz.
901 2167 1102 2218 (Lei—:iffi
1168 2168 1191 2205 6
1220 2167 1271 2205 ad
1300 2180 1345 2205 eo
1375 2166 1452 2205 SOI.
1509 2167 1590 2217 spi·
1648 2166 1654 2170 ·

189 2231 271 2268 ritu
301 2231 378 2270 Sol.
487 2233 512 2270 8
541 2232 688 2270 etesias
717 2231 794 2270 Sol.
824 2231 886 2282 (P)
994 2231 1240 2269 Posidonius
1269 2230 1347 2269 Sol.
1387 2230 1532 2280 (LGH
1544 2230 1589 2281 S)

189 2294 403 2333 adversam
430 2295 507 2335 Sol.
655 2296 678 2333 9
706 2308 781 2333 nec
810 2295 1023 2344 quicquam
1051 2294 1128 2334 Sol.
1279 2295 1326 2331 13
1356 2295 1482 2333 oculis
1512 2294 1589 2334 Sol.

191 2360 241 2396 14
270 2358 493 2408 Dionysius
522 2358 600 2397 Sol.
670 2372 693 2396 a
720 2359 985 2409 Philadelpho
1015 2358 1092 2398 Sol.
1171 2360 1219 2396 15
1248 2358 1379 2407 gratia
1408 2358 1484 2397 Sol.
1517 2359 1590 2410 (Η)

189 2423 304 2473 paria
330 2422 510 2472 prodidit
536 2421 614 2460 Sol.
635 2423 707 2473 (H)
779 2424 827 2459 16
855 2423 1022 2460 tradunt
1049 2436 1144 2472 ergo
1175 2422 1251 2461 Sol.
1275 2423 1347 2474 (H)
1416 2423 1465 2459 22
1495 2436 1591 2472 qua-

192 2486 397 2536 dringenti
425 2485 588 2535 quinqu.
618 2499 722 2524 unus
751 2487 902 2524 additis
931 2485 1008 2525 Sol.
1039 2486 1134 2537 (mil.
1166 2487 1505 2535 quinquentorum
1531 2486 1589 2537 H)

192 2550 244 2587 24
271 2549 447 2589 medium
475 2563 618 2589 aevum
647 2549 725 2589 Sol.
757 2550 830 2602 (Η)

292 2695 305 2722 1
329 2696 404 2741 LII,
429 2696 557 2730 1—12.
