1916 3254
755 273 1013 310 -49—

184 384 448 435 appellantur.
503 384 558 422 Hi
600 397 737 423 omnes
779 384 916 432 lingua
958 382 1154 422 institutis
1197 383 1356 432 legibus
1394 383 1498 421 inter
1534 395 1576 421 se

182 449 390 487 differunt.
447 448 584 486 Gallos
621 449 669 486 ab
705 447 919 496 Aquitanis
955 447 1144 485 Garonna
1176 446 1341 496 flumen,
1382 460 1404 484 a
1437 446 1576 495 Belgis

182 513 369 550 Matrona
397 516 437 551 et
466 512 651 561 Sequana
679 512 836 551 dividit.
875 512 1030 549 Horum
1059 512 1234 550 omnium
1252 511 1463 549 fortissimi
1483 515 1577 549 sunt

183 576 344 626 Belgae,
374 581 586 627 propterea
614 577 720 625 quod
750 590 772 614 a
799 576 906 614 cultu
928 581 1047 624 'atque
1066 574 1317 613 humanitate
1346 575 1576 624 provinciae

182 641 417 690 longissime
446 641 593 679 absunt
621 641 859 688 minimeque
888 639 938 676 ad
958 652 1025 677 eos
1054 645 1295 677 mercatores
1324 652 1443 689 saepe
1473 652 1576 677 com-

183 710 317 742 meant
345 709 465 753 atque
493 717 549 754 ea,
579 717 678 752 quae
699 704 746 741 ad
776 702 1064 741 effeminandos
1084 702 1238 741 animos
1257 703 1470 752 pertinent,
1506 702 1576 741 im-

182 772 355 818 portant,
380 767 629 819 proximique
649 771 744 805 sunt
760 767 983 815 Germanis,
1005 766 1070 815 qui
1092 773 1203 804 trans
1223 766 1410 804 Rhenum
1430 766 1576 815 colunt,

184 831 421 880 quibuscum
461 832 712 869 continenter
745 830 893 867 bellum
927 834 1082 878 gerunt.
1137 829 1224 876 Qua
1251 830 1301 867 de
1339 843 1459 868 causa
1485 830 1576 869 Bel-

183 895 280 933 vetii
310 908 466 943 quoque
494 895 670 942 reliquos
698 893 836 931 Gallos
870 894 1020 931 virtute
1054 893 1318 942 praecedunt,
1358 895 1463 942 quod
1492 894 1575 933 fere

181 958 393 997 cotidianis
421 957 584 1006 praeliis
614 969 703 994 cum
732 955 943 994 Germanis
973 956 1239 1006 contendunt,
1276 970 1365 994 cum
1394 963 1462 994 aut
1491 958 1575 996 suis

180 1021 328 1058 finibus
357 1020 572 1070 prohibent
599 1024 668 1057 aut
697 1020 776 1070 ipsi
804 1019 845 1056 in
875 1033 1011 1057 eorum
1050 1018 1198 1057 finibus
1232 1020 1380 1058 bellum
1417 1028 1573 1070 gerunt.

179 1085 329 1122 Eorum
359 1096 439 1121 una
466 1097 577 1134 pars,
615 1097 733 1132 quam
763 1083 900 1122 Gallos
936 1083 1117 1121 obtinere
1145 1083 1298 1121 dictum
1327 1089 1389 1122 est
1417 1085 1574 1124 initium

179 1148 287 1197 capit
315 1161 338 1185 a
365 1147 527 1186 flumine
547 1148 754 1198 Rhodano,
786 1148 1013 1186 continetur
1033 1147 1221 1185 Garonna
1247 1147 1421 1199 flumine,
1452 1149 1573 1188 Ocea-

180 1224 286 1261 num,
317 1211 466 1250 finibus
494 1212 730 1261 Belgarum,
762 1212 937 1261 adtingit
966 1212 1084 1250 etiam
1113 1212 1161 1249 ab
1192 1211 1387 1261 Sequanis
1417 1219 1455 1252 et
1482 1214 1573 1253 Bel-

176 1276 310 1325 vetiis,
340 1275 487 1314 flumen
515 1277 714 1325 Rhenum,
744 1277 877 1325 vergit
905 1276 954 1313 ad
983 1276 1302 1325 septemtriones.
1345 1277 1496 1327 Belgae
1524 1280 1572 1317 ab

176 1339 367 1377 extremis
397 1339 549 1378 Galliae
590 1340 737 1378 finibus
779 1341 984 1388 oriuntur,
1025 1340 1228 1390 pertinent
1256 1341 1305 1378 ad
1343 1341 1572 1381 inferiorem

176 1407 331 1452 partem
351 1402 527 1441 fluminis
546 1403 691 1452 Rheni,
714 1409 897 1454 spectant
915 1403 964 1441 ad
985 1403 1299 1453 septentrionem
1320 1409 1360 1443 et
1379 1405 1570 1445 orientem

177 1467 315 1505 solem.
353 1467 574 1515 Aquitania
602 1481 624 1504 a
655 1467 843 1506 Garonna
869 1467 1032 1506 flumine
1061 1468 1111 1505 ad
1130 1467 1327 1517 Pyrineos
1356 1475 1512 1509 montes
1533 1478 1572 1510 et

177 1532 230 1569 ad
265 1544 351 1569 eam
384 1536 539 1581 partem
574 1531 728 1581 oceani,
773 1545 874 1580 quae
909 1536 970 1570 est
1007 1531 1058 1568 ad
1099 1531 1337 1582 Hispaniam
1378 1535 1569 1585 pertinet3

175 1600 333 1645 spectat
361 1596 466 1633 inter
493 1608 678 1634 occasum
699 1596 794 1634 solis
817 1604 855 1633 et
875 1596 1181 1646 septentriones.
1221 1596 1297 1635 Sed
1325 1599 1398 1636 iam
1428 1601 1570 1637 venien-

180 1660 265 1696 dum
297 1660 346 1697 ael
376 1659 539 1698 ltaliam.

284 1722 552 1762 Marcianus.1
616 1725 710 1762 Post
750 1724 915 1774 Alpium
955 1730 1112 1764 montes
1153 1740 1230 1775 qua
1266 1726 1390 1765 facies
1428 1728 1570 1777 promi-

179 1787 310 1824 nentis
339 1793 506 1826 naturae
526 1788 645 1826 ortivi
667 1789 764 1826 solis
783 1789 1085 1828 inluminatione
1112 1790 1380 1840 perfunditur,
1409 1791 1571 1830 inchoat

179 1863 226 1888 ac
247 1850 455 1890 descendit
482 1852 597 1890 Italia
624 1853 741 1902 longe
770 1858 860 1891 ante
881 1853 979 1891 alias
1009 1867 1145 1892 omnes
1174 1854 1360 1892 laudibus
1392 1862 1570 1893 veterum

282 2002 300 2038 1
345 2015 377 2039 c.
420 2002 598 2051 linguam
632 2017 671 2041 m
706 2017 799 2042 eras.
909 2018 940 2043 c.
982 2005 1198 2056 instititas,
1244 2020 1336 2046 corr.
1373 2008 1568 2047 institutis

176 2064 200 2100 2
230 2063 434 2103 Garumna
462 2067 566 2106 Caes.
625 2068 828 2107 Garomna
855 2069 1008 2108 Aimoe'n
1116 2071 1138 2109 7
1168 2071 1352 2110 Rhenum
1390 2072 1570 2110 incolunt

175 2128 279 2166 Caes.
335 2130 360 2166 8
391 2142 422 2168 c.
451 2130 615 2169 heluetii
644 2132 807 2171 helvetii
835 2146 932 2172 corr.
954 2133 1000 2172 M
1056 2136 1104 2173 10
1133 2135 1379 2184 quotidianis
1407 2136 1569 2187 proeliis

175 2192 278 2230 Caes.
308 2192 375 2244 (B)
485 2195 531 2232 11
563 2208 630 2234 eos
659 2196 873 2247 prohibent
901 2198 1003 2237 Caes.
1086 2199 1300 2249 prohibent
1327 2206 1395 2238 aut
1422 2201 1500 2250 ipsi
1528 2200 1568 2238 in

176 2301 314 2327 eorum
352 2290 499 2330 finibus
534 2295 568 2331 in
601 2308 715 2346 marq.
747 2298 937 2347 superiore
971 2310 1040 2336 scr.
1070 2311 1093 2335 a
1120 2297 1168 2336 M
1299 2312 1330 2337 c.
1360 2271 1495 2337 earum
1524 2299 1570 2337 M

175 2364 208 2390 c.
240 2347 390 2392 oceanu
418 2368 500 2393 etan
529 2357 632 2396 Caes.
661 2360 741 2397 libr.
799 2360 848 2397 14
878 2360 1079 2399 Helvetiis
1101 2361 1203 2400 Caes.
1262 2362 1309 2399 17
1340 2362 1380 2400 in
1409 2367 1566 2413 septen-

175 2417 346 2456 trionem
374 2419 478 2458 Caes.
543 2421 592 2459 19
622 2423 671 2460 ad
701 2423 799 2476 eam]
832 2424 883 2462 ad
912 2426 1005 2463 deest
1037 2426 1140 2465 Caes.
1200 2439 1231 2465 c.
1263 2427 1311 2465 ab
1345 2427 1567 2478 hispaniam

176 2528 275 2554 corr.
305 2516 355 2554 ad
411 2519 460 2555 22
491 2531 521 2556 c.
552 2493 684 2570 alplum
712 2522 757 2560 M

274 2675 280 2699 ι
308 2675 368 2718 VI,
395 2676 565 2712 636—38.

1600 963 1644 998 10

1598 1282 1641 1315 15

1595 1605 1641 1639 20
