1916 3254
771 275 1031 309 -11—

202 394 292 419 eum
319 381 507 431 progredi
537 388 796 431 consumptae
824 381 980 418 telluris
1008 380 1117 418 invia
1145 381 1421 431 prohibebant.
1477 381 1599 419 Deni-

200 457 277 493 que
306 444 426 482 etiam
453 445 528 483 hoo
549 445 598 483 de
617 446 702 483 eius
731 458 844 496 sacro
872 444 1036 483 virtutis
1064 445 1334 494 possibilitate
1361 458 1598 495 persuasum

200 516 250 546 est
281 508 398 557 quod,
429 521 519 546 cum
547 513 665 547 antea
691 513 836 546 natura
856 522 879 546 a
897 508 1016 546 terris
1045 509 1170 546 maria
1199 509 1420 558 dispararet
1447 521 1494 545 ac
1512 514 1599 545 tan-

200 576 285 608 tum
328 571 435 620 cingi
477 571 647 609 circuitu
687 571 866 609 firmaret
907 571 1063 620 oceani,
1106 571 1301 608 montium
1327 571 1599 620 predictorum

200 633 360 672 effossis
388 634 591 672 radicibus
621 634 859 682 divulsoque
888 634 1059 672 confinio
1092 647 1320 684 camporum
1351 635 1515 673 devexis
1544 635 1598 673 la-

200 698 396 746 cunisque
438 702 636 736 terrarum
677 697 929 748 inprovisum
970 698 1136 748 pelagus
1174 699 1216 735 in
1258 712 1375 736 usum
1417 700 1599 748 inpigrae

199 761 454 799 mortalitatis
486 762 670 811 permisit
703 765 937 811 permutans
973 761 1082 799 orbis
1118 769 1239 799 terrae
1267 761 1411 799 faciem
1439 767 1599 800 nature-

199 837 276 872 que
304 825 546 863 discrimina.
593 825 683 862 Hoc
710 824 836 873 igitur
869 824 986 873 freto,
1019 826 1056 861 id
1084 832 1136 862 est
1161 824 1366 874 Gaditano,
1395 825 1598 863 levorsum

198 888 361 938 Europa
402 888 646 926 distenditur
687 901 813 936 usque
849 888 891 925 in
930 888 1057 925 Tanai
1091 887 1268 925 fluminis
1312 889 1532 937 gurgitem,
1576 902 1597 926 a

198 965 275 1000 quo
303 951 496 989 inchoans
525 951 626 988 Asia
654 950 736 988 Nili
765 950 906 988 itidem
935 951 1049 989 alveo
1077 951 1285 989 limitatur.
1329 952 1407 997 Qui
1436 953 1597 1000 quidem

196 1013 312 1051 Nilus
341 1013 509 1051 eandem
527 1014 708 1051 Africam
729 1014 985 1063 disrumpens
1015 1014 1172 1052 telluris
1203 1014 1455 1063 complexum
1474 1016 1596 1053 inter-

198 1083 308 1115 secat
338 1076 598 1115 multitudine
626 1077 852 1115 fluviorum.

197 1211 259 1265 [7]
292 1211 394 1253 Item
426 1223 549 1254 causa
580 1211 874 1253 mediterranei
903 1212 1031 1253 maris
1065 1223 1152 1254 cum
1184 1212 1319 1254 variis
1359 1213 1594 1255 nominibus

623 1291 839 1334 eorumque
872 1281 1160 1335 ethimologia.

303 1384 448 1422 Interea
477 1397 701 1434 quamquam
733 1385 790 1421 liis
818 1382 1015 1422 sslczrciani
1045 1385 1161 1422 verbis
1191 1397 1302 1422 eausa
1335 1386 1596 1423 meditem-<met

200 1450 314 1486 maris
343 1461 422 1486 eum
454 1449 635 1486 divisione
660 1455 788 1498 pateat
820 1449 942 1491 orbis,
969 1460 1041 1497 pro
1072 1449 1231 1485 eiusdem
1263 1450 1380 1485 maris
1409 1450 1595 1498 apertiori

196 1512 463 1562 &epitulatione
493 1512 705 1549 addendum
734 1512 824 1560 quid
852 1512 963 1548 ceteri
982 1512 1164 1549 dixerint.
1211 1510 1415 1549 Solinus:1
1442 1511 1594 1549 Adlan-

196 1575 301 1613 ticus
329 1579 465 1613 aestus
486 1575 527 1612 in
546 1580 730 1612 nostrum
759 1588 867 1612 mare
888 1574 1102 1612 discidium
1129 1574 1312 1625 permisit
1332 1574 1452 1613 orbis.
1490 1575 1595 1612 Nam

196 1652 369 1677 oceanus
399 1652 517 1687 quem
547 1638 643 1676 Grai
678 1639 737 1676 sic
771 1638 979 1676 nominant
1015 1639 1063 1677 de
1099 1639 1321 1683 celeritate,
1364 1639 1412 1676 ab
1450 1652 1595 1677 occasu

196 1702 293 1740 solis
320 1703 554 1752 inrumpens
582 1703 696 1740 laevo
724 1703 849 1740 latere
877 1703 1081 1752 Europam
1108 1702 1224 1751 radit,
1254 1702 1435 1740 Africam
1455 1703 1593 1741 dextro

198 1765 417 1814 scissisque
447 1766 568 1816 Calpe
598 1772 637 1804 et
665 1765 829 1804 Abinna
857 1766 1061 1804 montibus
1091 1779 1191 1814 quos
1221 1766 1361 1804 dicunt
1390 1766 1594 1805 columnas

197 1830 397 1879 Herculis,
427 1830 533 1868 inter
560 1831 724 1868 Mauros
752 1829 937 1867 funditur
965 1839 1005 1868 et
1030 1830 1283 1880 Hispaniam.
1339 1831 1429 1868 Hac
1446 1832 1461 1857 '2
1491 1830 1593 1868 freto

196 1893 278 1940 isti7
300 1894 413 1932 cuius
435 1893 662 1942 quindecim
684 1894 792 1931 milia
812 1907 1005 1943 passuum
1026 1894 1150 1932 efficit
1170 1892 1391 1943 hngitudo,
1422 1893 1592 1932 latitudo

305 2027 328 2063 3
358 2032 419 2064 est
449 2028 545 2065 deest
573 2026 692 2066 Illart.
764 2027 785 2064 7
816 2026 978 2064 admisit
1007 2027 1125 2065 Mart.
1183 2032 1313 2065 terrae
1348 2029 1443 2065 deest
1473 2026 1591 2065 Mart.

196 2091 221 2128 8
240 2090 280 2128 id
311 2099 373 2128 est
403 2090 602 2128 Gaditano
623 2092 732 2129 deest.
754 2090 874 2128 Mart.
931 2092 954 2128 9
985 2090 1134 2128 Tanais
1156 2091 1273 2129 Mart.
1330 2092 1380 2129 1Ο
1399 2091 1593 2128 incohans

197 2153 315 2192 Mart.
344 2153 395 2204 (B
408 2154 437 2205 b)
496 2156 543 2193 11
571 2154 831 2203 Africamque
862 2154 982 2193 Mart.
1043 2156 1090 2194 13
1120 2168 1151 2193 o.
1185 2154 1295 2207 [item
1324 2168 1445 2193 causa
1463 2169 1512 2193 m.
1542 2169 1592 2192 m.

198 2231 229 2256 c.
251 2231 288 2257 v.
308 2230 347 2255 n.
368 2231 582 2267 eorumque
613 2217 903 2271 ethi]mologia;
932 2220 1041 2269 prius
1069 2220 1185 2257 alium
1215 2220 1363 2256 titulzim
1392 2219 1451 2256 liic
1479 2220 1593 2268 scrip-

200 2288 274 2318 tum
296 2282 410 2328 fuisse
425 2283 588 2332 probant
614 2283 798 2332 pauculae
827 2284 1037 2320 litterarum
1069 2284 1247 2332 reliquiae
1303 2283 1350 2320 15
1372 2295 1403 2319 c.
1428 2281 1593 2333 [interea

199 2344 450 2397 quamquam]
509 2346 555 2382 17
586 2346 666 2384 Sed
695 2346 939 2384 Gaditanum
966 2347 1116 2384 fretum
1145 2360 1168 2383 a
1195 2345 1378 2384 Gadibus
1407 2345 1595 2383 dictum÷÷

197 2407 424 2446 Atlanticos
447 2409 510 2460 (us
530 2409 622 2460 HS)
652 2414 788 2448 aestus
808 2410 850 2448 in
869 2415 1053 2448 nostrum
1081 2423 1182 2448 mare
1203 2409 1373 2448 discidio
1396 2410 1479 2460 (um
1497 2409 1594 2458 HS)

197 2471 366 2509 inmittit
395 2472 502 2509 orbis
531 2472 608 2511 Sol.
679 2475 727 2511 19
763 2474 876 2512 Graii
905 2474 982 2515 Sol.
1014 2475 1076 2524 (S)
1143 2475 1194 2512 ΞΟ
1229 2474 1393 2512 dextero
1424 2473 1501 2511 Sol.
1533 2473 1593 2524 (S)

198 2534 248 2570 23
278 2548 310 2572 c.
343 2534 586 2587 [quindecim
613 2536 722 2574 milia
750 2550 943 2587 passuum
972 2537 1097 2576 efficit
1125 2537 1334 2586 longitudo
1354 2536 1540 2588 latitudo]

297 2671 303 2695 ¹
332 2670 462 2711 XXIII„
489 2671 635 2704 13—113.
687 2670 703 2696 2
729 2672 751 2703 i.
779 2682 806 2703 e.
833 2684 880 2703 ac.

1648 644 1667 674 5

1623 960 1667 995 10

1619 1391 1662 1424 15

1619 1713 1665 1745 20
