<?xml version="1.0" encoding="UTF-8"?>
<!DOCTYPE html PUBLIC "-//W3C//DTD XHTML 1.0 Transitional//EN"
    "http://www.w3.org/TR/xhtml1/DTD/xhtml1-transitional.dtd">
<html xmlns="http://www.w3.org/1999/xhtml" xml:lang="en" lang="en">
 <head>
  <title>
</title>
<meta http-equiv="Content-Type" content="text/html;charset=utf-8" />
  <meta name='ocr-system' content='tesseract 3.04.00' />
  <meta name='ocr-capabilities' content='ocr_page ocr_carea ocr_par ocr_line ocrx_word'/>
</head>
<body>
  <div class='ocr_page' id='page_1' title='image "anonymidesituorb00maniuoft_0105.png"; bbox 0 0 1916 3254; ppageno 0'>
   <div class='ocr_carea' id='block_1_1' title="bbox 772 286 1031 322">
    <p class='ocr_par' dir='ltr' id='par_1_1' title="bbox 772 286 1031 322">
     <span class='ocr_line' id='line_1_1' title="bbox 772 286 1031 322; baseline -0.004 -9"><span class='ocrx_word' id='word_1_1' title='bbox 772 286 1031 322; x_wconf 63' lang='lat'><strong>—83„„</strong></span> 
     </span>
    </p>
   </div>
   <div class='ocr_carea' id='block_1_2' title="bbox 197 392 1598 1771">
    <p class='ocr_par' dir='ltr' id='par_1_2' title="bbox 197 392 1598 1771">
     <span class='ocr_line' id='line_1_2' title="bbox 203 392 1594 446; baseline -0.004 -11"><span class='ocrx_word' id='word_1_2' title='bbox 203 398 331 436; x_wconf 89' lang='lat' dir='ltr'>omnis</span> <span class='ocrx_word' id='word_1_3' title='bbox 359 396 521 435; x_wconf 90' lang='lat' dir='ltr'>Moedia</span> <span class='ocrx_word' id='word_1_4' title='bbox 548 397 727 446; x_wconf 87' lang='lat' dir='ltr'>Parthya</span> <span class='ocrx_word' id='word_1_5' title='bbox 756 400 796 434; x_wconf 90' lang='lat' dir='ltr'>et</span> <span class='ocrx_word' id='word_1_6' title='bbox 823 394 993 433; x_wconf 81' lang='lat' dir='ltr'>Persida</span> <span class='ocrx_word' id='word_1_7' title='bbox 1020 394 1069 432; x_wconf 87' lang='lat' dir='ltr'>ab</span> <span class='ocrx_word' id='word_1_8' title='bbox 1105 393 1258 432; x_wconf 85' lang='lat' dir='ltr'>oriente</span> <span class='ocrx_word' id='word_1_9' title='bbox 1291 392 1447 431; x_wconf 86' lang='lat' dir='ltr'>flumini</span> <span class='ocrx_word' id='word_1_10' title='bbox 1479 392 1594 441; x_wconf 84' lang='lat' dir='ltr'>Indo,</span> 
     </span>
     <span class='ocr_line' id='line_1_3' title="bbox 202 456 1596 510; baseline -0.004 -11"><span class='ocrx_word' id='word_1_11' title='bbox 202 462 251 499; x_wconf 89' lang='lat' dir='ltr'>ab</span> <span class='ocrx_word' id='word_1_12' title='bbox 281 461 487 499; x_wconf 85' lang='lat' dir='ltr'>occidente</span> <span class='ocrx_word' id='word_1_13' title='bbox 516 460 664 510; x_wconf 89' lang='lat' dir='ltr'>Tygro,</span> <span class='ocrx_word' id='word_1_14' title='bbox 694 474 717 498; x_wconf 85' lang='lat' dir='ltr'>a</span> <span class='ocrx_word' id='word_1_15' title='bbox 745 460 1017 510; x_wconf 77' lang='lat' dir='ltr'>septentrione</span> <span class='ocrx_word' id='word_1_16' title='bbox 1046 457 1178 496; x_wconf 90' lang='lat' dir='ltr'>Tauro</span> <span class='ocrx_word' id='word_1_17' title='bbox 1208 457 1401 495; x_wconf 84' lang='lat' dir='ltr'>Caucasio</span> <span class='ocrx_word' id='word_1_18' title='bbox 1430 470 1454 495; x_wconf 89' lang='lat' dir='ltr'>a</span> <span class='ocrx_word' id='word_1_19' title='bbox 1481 456 1596 495; x_wconf 89' lang='lat' dir='ltr'>meri-</span> 
     </span>
     <span class='ocr_line' id='line_1_4' title="bbox 202 519 1597 571; baseline -0.004 -8"><span class='ocrx_word' id='word_1_20' title='bbox 202 525 290 563; x_wconf 89' lang='lat' dir='ltr'>diae</span> <span class='ocrx_word' id='word_1_21' title='bbox 309 525 448 563; x_wconf 89' lang='lat' dir='ltr'>Rubro</span> <span class='ocrx_word' id='word_1_22' title='bbox 468 524 568 562; x_wconf 89' lang='lat' dir='ltr'>mari</span> <span class='ocrx_word' id='word_1_23' title='bbox 595 524 877 571; x_wconf 78' lang='lat' dir='ltr'>terminantur3</span> <span class='ocrx_word' id='word_1_24' title='bbox 908 535 1010 570; x_wconf 89' lang='lat' dir='ltr'>quae</span> <span class='ocrx_word' id='word_1_25' title='bbox 1039 533 1178 559; x_wconf 90' lang='lat' dir='ltr'>omnes</span> <span class='ocrx_word' id='word_1_26' title='bbox 1206 534 1278 570; x_wconf 90' lang='lat' dir='ltr'>per</span> <span class='ocrx_word' id='word_1_27' title='bbox 1306 519 1597 569; x_wconf 77' lang='lat' dir='ltr'>longitudinem</span> 
     </span>
     <span class='ocr_line' id='line_1_5' title="bbox 202 583 1596 638; baseline -0.004 -12"><span class='ocrx_word' id='word_1_28' title='bbox 202 593 341 638; x_wconf 87' lang='lat' dir='ltr'>patent</span> <span class='ocrx_word' id='word_1_29' title='bbox 382 594 444 626; x_wconf 86' lang='lat' dir='ltr'>ter</span> <span class='ocrx_word' id='word_1_30' title='bbox 485 588 618 626; x_wconf 86' lang='lat' dir='ltr'>decies</span> <span class='ocrx_word' id='word_1_31' title='bbox 659 586 804 636; x_wconf 89' lang='lat' dir='ltr'>viginti</span> <span class='ocrx_word' id='word_1_32' title='bbox 844 585 953 623; x_wconf 90' lang='lat' dir='ltr'>milia</span> <span class='ocrx_word' id='word_1_33' title='bbox 988 597 1199 634; x_wconf 75' lang='lat' dir='ltr'>passuum,</span> <span class='ocrx_word' id='word_1_34' title='bbox 1243 597 1315 634; x_wconf 91' lang='lat' dir='ltr'>per</span> <span class='ocrx_word' id='word_1_35' title='bbox 1342 583 1596 621; x_wconf 83' lang='lat' dir='ltr'>latitudinem</span> 
     </span>
     <span class='ocr_line' id='line_1_6' title="bbox 203 647 1596 701; baseline -0.005 -11"><span class='ocrx_word' id='word_1_36' title='bbox 203 654 434 701; x_wconf 76' lang='lat' dir='ltr'>octingenta</span> <span class='ocrx_word' id='word_1_37' title='bbox 467 651 645 700; x_wconf 87' lang='lat' dir='ltr'>triginta.</span> <span class='ocrx_word' id='word_1_38' title='bbox 714 650 793 688; x_wconf 88' lang='lat' dir='ltr'>Sed</span> <span class='ocrx_word' id='word_1_39' title='bbox 823 649 1020 687; x_wconf 85' lang='lat' dir='ltr'>Caldaeae</span> <span class='ocrx_word' id='word_1_40' title='bbox 1054 649 1190 697; x_wconf 90' lang='lat' dir='ltr'>gentis</span> <span class='ocrx_word' id='word_1_41' title='bbox 1220 647 1440 697; x_wconf 85' lang='lat' dir='ltr'>Babylonia</span> <span class='ocrx_word' id='word_1_42' title='bbox 1477 652 1596 696; x_wconf 88' lang='lat' dir='ltr'>caput</span> 
     </span>
     <span class='ocr_line' id='line_1_7' title="bbox 202 711 1594 765; baseline -0.006 -11"><span class='ocrx_word' id='word_1_43' title='bbox 202 723 273 754; x_wconf 89' lang='lat' dir='ltr'>est.</span> <span class='ocrx_word' id='word_1_44' title='bbox 329 715 438 753; x_wconf 87' lang='lat' dir='ltr'>Urbs</span> <span class='ocrx_word' id='word_1_45' title='bbox 466 715 554 765; x_wconf 88' lang='lat' dir='ltr'>ipsa</span> <span class='ocrx_word' id='word_1_46' title='bbox 581 714 792 762; x_wconf 81' lang='lat' dir='ltr'>sexaginta</span> <span class='ocrx_word' id='word_1_47' title='bbox 819 713 929 750; x_wconf 89' lang='lat' dir='ltr'>milia</span> <span class='ocrx_word' id='word_1_48' title='bbox 956 725 1147 762; x_wconf 81' lang='lat' dir='ltr'>passuum</span> <span class='ocrx_word' id='word_1_49' title='bbox 1176 712 1300 749; x_wconf 89' lang='lat' dir='ltr'>muris</span> <span class='ocrx_word' id='word_1_50' title='bbox 1329 711 1594 761; x_wconf 80' lang='lat' dir='ltr'>amplectitur,</span> 
     </span>
     <span class='ocr_line' id='line_1_8' title="bbox 202 775 1597 830; baseline -0.004 -12"><span class='ocrx_word' id='word_1_51' title='bbox 202 781 269 829; x_wconf 90' lang='lat' dir='ltr'>qui</span> <span class='ocrx_word' id='word_1_52' title='bbox 298 780 483 818; x_wconf 86' lang='lat' dir='ltr'>ducentis</span> <span class='ocrx_word' id='word_1_53' title='bbox 510 778 680 830; x_wconf 90' lang='lat' dir='ltr'>pedibus</span> <span class='ocrx_word' id='word_1_54' title='bbox 709 778 790 827; x_wconf 80' lang='lat' dir='ltr'>alti,</span> <span class='ocrx_word' id='word_1_55' title='bbox 820 777 1132 826; x_wconf 87' lang='lat' dir='ltr'>quinquagentis</span> <span class='ocrx_word' id='word_1_56' title='bbox 1159 776 1230 814; x_wconf 89' lang='lat' dir='ltr'>lati</span> <span class='ocrx_word' id='word_1_57' title='bbox 1259 781 1364 825; x_wconf 84' lang='lat' dir='ltr'>sunt,</span> <span class='ocrx_word' id='word_1_58' title='bbox 1393 776 1471 814; x_wconf 85' lang='lat' dir='ltr'>nisi</span> <span class='ocrx_word' id='word_1_59' title='bbox 1491 775 1597 823; x_wconf 89' lang='lat' dir='ltr'>quod</span> 
     </span>
     <span class='ocr_line' id='line_1_9' title="bbox 203 840 1594 894; baseline -0.004 -12"><span class='ocrx_word' id='word_1_60' title='bbox 203 843 385 894; x_wconf 90' lang='lat' dir='ltr'>amplius.</span> <span class='ocrx_word' id='word_1_61' title='bbox 440 843 544 881; x_wconf 87' lang='lat' dir='ltr'>Nam</span> <span class='ocrx_word' id='word_1_62' title='bbox 571 843 675 880; x_wconf 86' lang='lat' dir='ltr'>terni</span> <span class='ocrx_word' id='word_1_63' title='bbox 705 841 822 890; x_wconf 84' lang='lat' dir='ltr'>digiti</span> <span class='ocrx_word' id='word_1_64' title='bbox 851 841 1022 889; x_wconf 89' lang='lat' dir='ltr'>singulis</span> <span class='ocrx_word' id='word_1_65' title='bbox 1056 853 1266 877; x_wconf 85' lang='lat' dir='ltr'>mensurae</span> <span class='ocrx_word' id='word_1_66' title='bbox 1294 845 1456 878; x_wconf 85' lang='lat' dir='ltr'>nostrae</span> <span class='ocrx_word' id='word_1_67' title='bbox 1484 840 1594 890; x_wconf 88' lang='lat' dir='ltr'>pedi-</span> 
     </span>
     <span class='ocr_line' id='line_1_10' title="bbox 200 903 1594 958; baseline -0.004 -13"><span class='ocrx_word' id='word_1_68' title='bbox 200 906 276 945; x_wconf 87' lang='lat' dir='ltr'>bus</span> <span class='ocrx_word' id='word_1_69' title='bbox 305 907 569 958; x_wconf 87' lang='lat' dir='ltr'>adplicantur.</span> <span class='ocrx_word' id='word_1_70' title='bbox 625 905 737 943; x_wconf 88' lang='lat' dir='ltr'>Haec</span> <span class='ocrx_word' id='word_1_71' title='bbox 764 904 998 942; x_wconf 82' lang='lat' dir='ltr'>interluitur</span> <span class='ocrx_word' id='word_1_72' title='bbox 1025 903 1229 941; x_wconf 87' lang='lat' dir='ltr'>Eufratae.</span> <span class='ocrx_word' id='word_1_73' title='bbox 1276 903 1340 941; x_wconf 88' lang='lat' dir='ltr'>Ibi</span> <span class='ocrx_word' id='word_1_74' title='bbox 1368 904 1476 941; x_wconf 82' lang='lat' dir='ltr'>lovis</span> <span class='ocrx_word' id='word_1_75' title='bbox 1506 903 1594 941; x_wconf 88' lang='lat' dir='ltr'>Beli</span> 
     </span>
     <span class='ocr_line' id='line_1_11' title="bbox 201 966 1593 1021; baseline -0.003 -13"><span class='ocrx_word' id='word_1_76' title='bbox 201 971 393 1021; x_wconf 86' lang='lat' dir='ltr'>templum</span> <span class='ocrx_word' id='word_1_77' title='bbox 428 969 497 1018; x_wconf 90' lang='lat' dir='ltr'>qui</span> <span class='ocrx_word' id='word_1_78' title='bbox 530 969 716 1006; x_wconf 89' lang='lat' dir='ltr'>inventor</span> <span class='ocrx_word' id='word_1_79' title='bbox 749 967 828 1004; x_wconf 90' lang='lat' dir='ltr'>fuit</span> <span class='ocrx_word' id='word_1_80' title='bbox 857 966 1093 1016; x_wconf 87' lang='lat' dir='ltr'>disciplinae</span> <span class='ocrx_word' id='word_1_81' title='bbox 1128 966 1332 1015; x_wconf 86' lang='lat' dir='ltr'>sideralis;</span> <span class='ocrx_word' id='word_1_82' title='bbox 1370 968 1469 1004; x_wconf 87' lang='lat' dir='ltr'>haec</span> <span class='ocrx_word' id='word_1_83' title='bbox 1498 972 1593 1004; x_wconf 87' lang='lat' dir='ltr'>tunc</span> 
     </span>
     <span class='ocr_line' id='line_1_12' title="bbox 202 1029 1596 1072; baseline -0.002 -1"><span class='ocrx_word' id='word_1_84' title='bbox 202 1035 252 1072; x_wconf 86' lang='lat' dir='ltr'>ad</span> <span class='ocrx_word' id='word_1_85' title='bbox 293 1032 551 1071; x_wconf 86' lang='lat' dir='ltr'>solitudinem</span> <span class='ocrx_word' id='word_1_86' title='bbox 593 1030 714 1068; x_wconf 89' lang='lat' dir='ltr'>rediit</span> <span class='ocrx_word' id='word_1_87' title='bbox 755 1035 944 1068; x_wconf 85' lang='lat' dir='ltr'>exaustae</span> <span class='ocrx_word' id='word_1_88' title='bbox 987 1029 1203 1067; x_wconf 87' lang='lat' dir='ltr'>Seleuciae.</span> <span class='ocrx_word' id='word_1_89' title='bbox 1265 1030 1366 1068; x_wconf 88' lang='lat' dir='ltr'>Item</span> <span class='ocrx_word' id='word_1_90' title='bbox 1407 1030 1448 1067; x_wconf 90' lang='lat' dir='ltr'>in</span> <span class='ocrx_word' id='word_1_91' title='bbox 1490 1031 1596 1068; x_wconf 88' lang='lat' dir='ltr'>hunc</span> 
     </span>
     <span class='ocr_line' id='line_1_13' title="bbox 201 1093 1598 1145; baseline -0.002 -11"><span class='ocrx_word' id='word_1_92' title='bbox 201 1110 318 1135; x_wconf 87' lang='lat' dir='ltr'>usum</span> <span class='ocrx_word' id='word_1_93' title='bbox 337 1096 457 1134; x_wconf 89' lang='lat' dir='ltr'>etiam</span> <span class='ocrx_word' id='word_1_94' title='bbox 477 1094 763 1145; x_wconf 87' lang='lat' dir='ltr'>Tesiphontem</span> <span class='ocrx_word' id='word_1_95' title='bbox 782 1093 900 1131; x_wconf 89' lang='lat' dir='ltr'>tertio</span> <span class='ocrx_word' id='word_1_96' title='bbox 920 1094 970 1131; x_wconf 86' lang='lat' dir='ltr'>ab</span> <span class='ocrx_word' id='word_1_97' title='bbox 992 1106 1037 1131; x_wconf 89' lang='lat' dir='ltr'>eo</span> <span class='ocrx_word' id='word_1_98' title='bbox 1056 1093 1190 1143; x_wconf 89' lang='lat' dir='ltr'>lapide</span> <span class='ocrx_word' id='word_1_99' title='bbox 1210 1093 1424 1131; x_wconf 85' lang='lat' dir='ltr'>condidere</span> <span class='ocrx_word' id='word_1_100' title='bbox 1443 1094 1598 1143; x_wconf 76' lang='lat' dir='ltr'>Parthy</span> 
     </span>
     <span class='ocr_line' id='line_1_14' title="bbox 201 1157 1598 1210; baseline -0.002 -12"><span class='ocrx_word' id='word_1_101' title='bbox 201 1174 247 1199; x_wconf 89' lang='lat' dir='ltr'>ac</span> <span class='ocrx_word' id='word_1_102' title='bbox 287 1173 393 1198; x_wconf 90' lang='lat' dir='ltr'>nunc</span> <span class='ocrx_word' id='word_1_103' title='bbox 435 1164 553 1210; x_wconf 87' lang='lat' dir='ltr'>caput</span> <span class='ocrx_word' id='word_1_104' title='bbox 599 1171 814 1207; x_wconf 89' lang='lat' dir='ltr'>regnorum</span> <span class='ocrx_word' id='word_1_105' title='bbox 855 1163 928 1197; x_wconf 84' lang='lat' dir='ltr'>est.</span> <span class='ocrx_word' id='word_1_106' title='bbox 1003 1157 1249 1195; x_wconf 88' lang='lat' dir='ltr'>Habitantur</span> <span class='ocrx_word' id='word_1_107' title='bbox 1296 1158 1415 1196; x_wconf 85' lang='lat' dir='ltr'>etiam</span> <span class='ocrx_word' id='word_1_108' title='bbox 1460 1158 1598 1195; x_wconf 89' lang='lat' dir='ltr'>abdita</span> 
     </span>
     <span class='ocr_line' id='line_1_15' title="bbox 201 1222 1595 1274; baseline -0.002 -12"><span class='ocrx_word' id='word_1_109' title='bbox 201 1223 454 1274; x_wconf 86' lang='lat' dir='ltr'>Aethyopiae</span> <span class='ocrx_word' id='word_1_110' title='bbox 483 1228 523 1261; x_wconf 83' lang='lat' dir='ltr'>et</span> <span class='ocrx_word' id='word_1_111' title='bbox 551 1223 696 1261; x_wconf 84' lang='lat' dir='ltr'>adusta</span> <span class='ocrx_word' id='word_1_112' title='bbox 720 1222 1026 1260; x_wconf 87' lang='lat' dir='ltr'>Trocoditarum</span> <span class='ocrx_word' id='word_1_113' title='bbox 1060 1227 1100 1260; x_wconf 92' lang='lat' dir='ltr'>et</span> <span class='ocrx_word' id='word_1_114' title='bbox 1127 1222 1353 1272; x_wconf 89' lang='lat' dir='ltr'>Icthyopha</span> <span class='ocrx_word' id='word_1_115' title='bbox 1387 1222 1595 1271; x_wconf 80' lang='lat' dir='ltr'>gentibus3</span> 
     </span>
     <span class='ocr_line' id='line_1_16' title="bbox 201 1286 1595 1338; baseline -0.001 -12"><span class='ocrx_word' id='word_1_116' title='bbox 201 1288 272 1326; x_wconf 88' lang='lat' dir='ltr'>sed</span> <span class='ocrx_word' id='word_1_117' title='bbox 318 1287 435 1338; x_wconf 88' lang='lat' dir='ltr'>primi</span> <span class='ocrx_word' id='word_1_118' title='bbox 480 1287 587 1325; x_wconf 86' lang='lat' dir='ltr'>feras</span> <span class='ocrx_word' id='word_1_119' title='bbox 634 1299 755 1324; x_wconf 91' lang='lat' dir='ltr'>cursu</span> <span class='ocrx_word' id='word_1_120' title='bbox 808 1290 1088 1336; x_wconf 84' lang='lat' dir='ltr'>praetereunt,</span> <span class='ocrx_word' id='word_1_121' title='bbox 1142 1286 1256 1324; x_wconf 87' lang='lat' dir='ltr'>alteri</span> <span class='ocrx_word' id='word_1_122' title='bbox 1302 1286 1434 1324; x_wconf 90' lang='lat' dir='ltr'>nando</span> <span class='ocrx_word' id='word_1_123' title='bbox 1481 1286 1595 1324; x_wconf 87' lang='lat' dir='ltr'>mari-</span> 
     </span>
     <span class='ocr_line' id='line_1_17' title="bbox 200 1349 1594 1398; baseline -0.001 -9"><span class='ocrx_word' id='word_1_124' title='bbox 200 1365 274 1389; x_wconf 90' lang='lat' dir='ltr'>nas</span> <span class='ocrx_word' id='word_1_125' title='bbox 302 1351 441 1389; x_wconf 86' lang='lat' dir='ltr'>beluas</span> <span class='ocrx_word' id='word_1_126' title='bbox 478 1351 657 1389; x_wconf 87' lang='lat' dir='ltr'>vincunt.</span> <span class='ocrx_word' id='word_1_127' title='bbox 715 1350 818 1387; x_wconf 84' lang='lat' dir='ltr'>Sunt</span> <span class='ocrx_word' id='word_1_128' title='bbox 851 1355 890 1387; x_wconf 89' lang='lat' dir='ltr'>et</span> <span class='ocrx_word' id='word_1_129' title='bbox 926 1349 1135 1398; x_wconf 78' lang='lat' dir='ltr'>Gorgades</span> <span class='ocrx_word' id='word_1_130' title='bbox 1170 1350 1343 1398; x_wconf 85' lang='lat' dir='ltr'>insulae,</span> <span class='ocrx_word' id='word_1_131' title='bbox 1390 1358 1427 1388; x_wconf 78' lang='lat' dir='ltr'>ut</span> <span class='ocrx_word' id='word_1_132' title='bbox 1456 1352 1594 1388; x_wconf 67' lang='lat' dir='ltr'>(lictum</span> 
     </span>
     <span class='ocr_line' id='line_1_18' title="bbox 199 1414 1595 1465; baseline -0.001 -11"><span class='ocrx_word' id='word_1_133' title='bbox 199 1424 265 1459; x_wconf 84' lang='lat' dir='ltr'>est,</span> <span class='ocrx_word' id='word_1_134' title='bbox 294 1416 487 1453; x_wconf 88' lang='lat' dir='ltr'>obversae</span> <span class='ocrx_word' id='word_1_135' title='bbox 515 1414 828 1465; x_wconf 83' lang='lat' dir='ltr'>promuncturio‚</span> <span class='ocrx_word' id='word_1_136' title='bbox 858 1414 963 1462; x_wconf 90' lang='lat' dir='ltr'>quod</span> <span class='ocrx_word' id='word_1_137' title='bbox 984 1418 1150 1451; x_wconf 82' lang='lat' dir='ltr'>vocatur</span> <span class='ocrx_word' id='word_1_138' title='bbox 1170 1414 1491 1463; x_wconf 80' lang='lat' dir='ltr'>Esperucheras3</span> <span class='ocrx_word' id='word_1_139' title='bbox 1521 1415 1595 1452; x_wconf 88' lang='lat' dir='ltr'>has</span> 
     </span>
     <span class='ocr_line' id='line_1_19' title="bbox 198 1478 1594 1527; baseline -0.001 -10"><span class='ocrx_word' id='word_1_140' title='bbox 198 1479 415 1517; x_wconf 85' lang='lat' dir='ltr'>incoluisse</span> <span class='ocrx_word' id='word_1_141' title='bbox 461 1478 670 1527; x_wconf 82' lang='lat' dir='ltr'>Gorgones</span> <span class='ocrx_word' id='word_1_142' title='bbox 714 1478 860 1515; x_wconf 86' lang='lat' dir='ltr'>ferunt.</span> <span class='ocrx_word' id='word_1_143' title='bbox 924 1478 969 1515; x_wconf 91' lang='lat' dir='ltr'>In</span> <span class='ocrx_word' id='word_1_144' title='bbox 1005 1491 1104 1526; x_wconf 89' lang='lat' dir='ltr'>quas</span> <span class='ocrx_word' id='word_1_145' title='bbox 1146 1491 1169 1515; x_wconf 88' lang='lat' dir='ltr'>a</span> <span class='ocrx_word' id='word_1_146' title='bbox 1211 1478 1431 1516; x_wconf 89' lang='lat' dir='ltr'>continenti</span> <span class='ocrx_word' id='word_1_147' title='bbox 1472 1479 1594 1516; x_wconf 92' lang='lat' dir='ltr'>biduo</span> 
     </span>
     <span class='ocr_line' id='line_1_20' title="bbox 197 1541 1591 1591; baseline -0.001 -11"><span class='ocrx_word' id='word_1_148' title='bbox 197 1543 423 1591; x_wconf 87' lang='lat' dir='ltr'>navigatur.</span> <span class='ocrx_word' id='word_1_149' title='bbox 479 1541 596 1580; x_wconf 88' lang='lat' dir='ltr'>Ultra</span> <span class='ocrx_word' id='word_1_150' title='bbox 632 1542 706 1579; x_wconf 88' lang='lat' dir='ltr'>has</span> <span class='ocrx_word' id='word_1_151' title='bbox 740 1541 982 1591; x_wconf 89' lang='lat' dir='ltr'>Esperidum</span> <span class='ocrx_word' id='word_1_152' title='bbox 1018 1541 1193 1589; x_wconf 76' lang='lat' dir='ltr'>insulae,</span> <span class='ocrx_word' id='word_1_153' title='bbox 1236 1554 1337 1590; x_wconf 88' lang='lat' dir='ltr'>quae</span> <span class='ocrx_word' id='word_1_154' title='bbox 1375 1542 1415 1578; x_wconf 92' lang='lat' dir='ltr'>in</span> <span class='ocrx_word' id='word_1_155' title='bbox 1450 1542 1591 1579; x_wconf 86' lang='lat' dir='ltr'>intimo</span> 
     </span>
     <span class='ocr_line' id='line_1_21' title="bbox 198 1604 1594 1644; baseline -0.002 0"><span class='ocrx_word' id='word_1_156' title='bbox 198 1606 412 1644; x_wconf 89' lang='lat' dir='ltr'>admodum</span> <span class='ocrx_word' id='word_1_157' title='bbox 453 1605 552 1642; x_wconf 89' lang='lat' dir='ltr'>mari</span> <span class='ocrx_word' id='word_1_158' title='bbox 594 1610 700 1643; x_wconf 86' lang='lat' dir='ltr'>sunt.</span> <span class='ocrx_word' id='word_1_159' title='bbox 756 1604 999 1642; x_wconf 84' lang='lat' dir='ltr'>Fortunatas</span> <span class='ocrx_word' id='word_1_160' title='bbox 1041 1609 1174 1642; x_wconf 87' lang='lat' dir='ltr'>autem</span> <span class='ocrx_word' id='word_1_161' title='bbox 1216 1605 1256 1641; x_wconf 90' lang='lat' dir='ltr'>in</span> <span class='ocrx_word' id='word_1_162' title='bbox 1298 1605 1412 1643; x_wconf 81' lang='lat' dir='ltr'>laeva</span> <span class='ocrx_word' id='word_1_163' title='bbox 1445 1605 1594 1643; x_wconf 78' lang='lat' dir='ltr'>Mauri-</span> 
     </span>
     <span class='ocr_line' id='line_1_22' title="bbox 197 1668 1592 1716; baseline -0.001 -9"><span class='ocrx_word' id='word_1_164' title='bbox 197 1670 330 1708; x_wconf 86' lang='lat' dir='ltr'>taniae</span> <span class='ocrx_word' id='word_1_165' title='bbox 379 1670 618 1708; x_wconf 85' lang='lat' dir='ltr'>constitutas</span> <span class='ocrx_word' id='word_1_166' title='bbox 666 1669 772 1706; x_wconf 85' lang='lat' dir='ltr'>inter</span> <span class='ocrx_word' id='word_1_167' title='bbox 819 1668 1023 1706; x_wconf 87' lang='lat' dir='ltr'>meridiem</span> <span class='ocrx_word' id='word_1_168' title='bbox 1079 1681 1342 1716; x_wconf 88' lang='lat' dir='ltr'>occasumque</span> <span class='ocrx_word' id='word_1_169' title='bbox 1395 1681 1475 1706; x_wconf 89' lang='lat' dir='ltr'>non</span> <span class='ocrx_word' id='word_1_170' title='bbox 1523 1669 1592 1705; x_wconf 91' lang='lat' dir='ltr'>du-</span> 
     </span>
     <span class='ocr_line' id='line_1_23' title="bbox 198 1734 409 1771; baseline -0.009 0"><span class='ocrx_word' id='word_1_171' title='bbox 198 1734 307 1771; x_wconf 88' lang='lat' dir='ltr'>bium</span> <span class='ocrx_word' id='word_1_172' title='bbox 337 1738 409 1770; x_wconf 89' lang='lat' dir='ltr'>est.</span> 
     </span>
    </p>
   </div>
   <div class='ocr_carea' id='block_1_3' title="bbox 197 1956 1595 2454">
    <p class='ocr_par' dir='ltr' id='par_1_3' title="bbox 197 1956 1595 2454">
     <span class='ocr_line' id='line_1_24' title="bbox 307 1956 1592 2010; baseline 0.001 -15"><span class='ocrx_word' id='word_1_173' title='bbox 307 1961 323 1995; x_wconf 89' lang='lat'>1</span> <span class='ocrx_word' id='word_1_174' title='bbox 356 1958 490 1996; x_wconf 88' lang='lat' dir='ltr'>Media</span> <span class='ocrx_word' id='word_1_175' title='bbox 518 1958 684 1995; x_wconf 87' lang='lat' dir='ltr'>Parthia</span> <span class='ocrx_word' id='word_1_176' title='bbox 712 1988 718 1995; x_wconf 92' lang='lat'>.</span> <span class='ocrx_word' id='word_1_177' title='bbox 743 1987 750 1994; x_wconf 93' lang='lat'>.</span> <span class='ocrx_word' id='word_1_178' title='bbox 772 1988 780 1996; x_wconf 87' lang='lat'><strong>.</strong></span> <span class='ocrx_word' id='word_1_179' title='bbox 810 1957 972 1995; x_wconf 89' lang='lat' dir='ltr'>flumine</span> <span class='ocrx_word' id='word_1_180' title='bbox 1002 1957 1120 1995; x_wconf 80' lang='lat' dir='ltr'>Mart.</span> <span class='ocrx_word' id='word_1_181' title='bbox 1201 1956 1370 2010; x_wconf 86' lang='lat' dir='ltr'>flumini]</span> <span class='ocrx_word' id='word_1_182' title='bbox 1402 1958 1526 1995; x_wconf 89' lang='lat' dir='ltr'>lumin</span> <span class='ocrx_word' id='word_1_183' title='bbox 1556 1960 1592 1996; x_wconf 79' lang='lat' dir='ltr'>in</span> 
     </span>
     <span class='ocr_line' id='line_1_25' title="bbox 197 2020 1593 2072; baseline -0.001 -11"><span class='ocrx_word' id='word_1_184' title='bbox 197 2025 333 2061; x_wconf 78' lang='lat' dir='ltr'>lacuna</span> <span class='ocrx_word' id='word_1_185' title='bbox 389 2023 411 2058; x_wconf 85' lang='lat'>2</span> <span class='ocrx_word' id='word_1_186' title='bbox 441 2021 555 2070; x_wconf 83' lang='lat' dir='ltr'>Tigri</span> <span class='ocrx_word' id='word_1_187' title='bbox 584 2020 704 2059; x_wconf 69' lang='grc' dir='ltr'>Μαι-1.</span> <span class='ocrx_word' id='word_1_188' title='bbox 759 2022 784 2057; x_wconf 82' lang='lat'>4</span> <span class='ocrx_word' id='word_1_189' title='bbox 812 2021 1008 2059; x_wconf 88' lang='lat' dir='ltr'>tredecies</span> <span class='ocrx_word' id='word_1_190' title='bbox 1038 2020 1156 2058; x_wconf 79' lang='lat' dir='ltr'>Mart.</span> <span class='ocrx_word' id='word_1_191' title='bbox 1188 2020 1258 2072; x_wconf 88' lang='lat' dir='ltr'>(D)</span> <span class='ocrx_word' id='word_1_192' title='bbox 1316 2025 1338 2059; x_wconf 76' lang='grc' dir='ltr'>ἴ)</span> <span class='ocrx_word' id='word_1_193' title='bbox 1369 2022 1593 2060; x_wconf 88' lang='lat' dir='ltr'>Chaldaeae</span> 
     </span>
     <span class='ocr_line' id='line_1_26' title="bbox 198 2083 1595 2133; baseline -0.001 -10"><span class='ocrx_word' id='word_1_194' title='bbox 198 2086 319 2124; x_wconf 78' lang='lat' dir='ltr'>Mart.</span> <span class='ocrx_word' id='word_1_195' title='bbox 428 2098 459 2122; x_wconf 92' lang='lat' dir='ltr'>c.</span> <span class='ocrx_word' id='word_1_196' title='bbox 489 2087 631 2133; x_wconf 62' lang='lat' dir='ltr'>gentes</span> <span class='ocrx_word' id='word_1_197' title='bbox 662 2083 708 2121; x_wconf 80' lang='lat' dir='ltr'><em>M</em></span> <span class='ocrx_word' id='word_1_198' title='bbox 813 2084 834 2121; x_wconf 84' lang='lat'>7</span> <span class='ocrx_word' id='word_1_199' title='bbox 864 2085 1156 2133; x_wconf 88' lang='lat' dir='ltr'>quinquagenis</span> <span class='ocrx_word' id='word_1_200' title='bbox 1192 2083 1311 2122; x_wconf 77' lang='lat' dir='ltr'>Mart.</span> <span class='ocrx_word' id='word_1_201' title='bbox 1419 2085 1595 2133; x_wconf 77' lang='lat' dir='ltr'>nisiquid</span> 
     </span>
     <span class='ocr_line' id='line_1_27' title="bbox 198 2148 1593 2200; baseline -0.001 -12"><span class='ocrx_word' id='word_1_202' title='bbox 198 2150 319 2188; x_wconf 81' lang='lat' dir='ltr'>Mart.</span> <span class='ocrx_word' id='word_1_203' title='bbox 351 2149 467 2199; x_wconf 85' lang='lat' dir='ltr'>(BD)</span> <span class='ocrx_word' id='word_1_204' title='bbox 604 2149 627 2184; x_wconf 75' lang='grc'><strong>9</strong></span> <span class='ocrx_word' id='word_1_205' title='bbox 656 2149 864 2197; x_wconf 86' lang='lat' dir='ltr'>Euphrate</span> <span class='ocrx_word' id='word_1_206' title='bbox 893 2148 1012 2187; x_wconf 76' lang='lat' dir='ltr'>Mare.</span> <span class='ocrx_word' id='word_1_207' title='bbox 1052 2148 1164 2198; x_wconf 79' lang='lat' dir='ltr'>(BD)</span> <span class='ocrx_word' id='word_1_208' title='bbox 1304 2150 1352 2187; x_wconf 87' lang='grc'>10</span> <span class='ocrx_word' id='word_1_209' title='bbox 1381 2162 1412 2187; x_wconf 91' lang='lat' dir='ltr'>c.</span> <span class='ocrx_word' id='word_1_210' title='bbox 1444 2150 1593 2200; x_wconf 84' lang='lat' dir='ltr'>templi,</span> 
     </span>
     <span class='ocr_line' id='line_1_28' title="bbox 201 2211 1594 2261; baseline -0.001 -9"><span class='ocrx_word' id='word_1_211' title='bbox 201 2227 298 2252; x_wconf 79' lang='lat' dir='ltr'>corr.</span> <span class='ocrx_word' id='word_1_212' title='bbox 328 2227 395 2251; x_wconf 88' lang='lat' dir='ltr'>um</span> <span class='ocrx_word' id='word_1_213' title='bbox 530 2213 627 2250; x_wconf 87' lang='lat' dir='ltr'>haec</span> <span class='ocrx_word' id='word_1_214' title='bbox 655 2224 761 2250; x_wconf 87' lang='lat' dir='ltr'>nunc</span> <span class='ocrx_word' id='word_1_215' title='bbox 789 2211 908 2250; x_wconf 76' lang='lat' dir='ltr'>Mart.</span> <span class='ocrx_word' id='word_1_216' title='bbox 1045 2214 1080 2248; x_wconf 79' lang='lat' dir='ltr'>in</span> <span class='ocrx_word' id='word_1_217' title='bbox 1113 2224 1228 2260; x_wconf 72' lang='lat' dir='ltr'>marq.</span> <span class='ocrx_word' id='word_1_218' title='bbox 1265 2213 1399 2261; x_wconf 56' lang='lat' dir='ltr'>layum·</span> <span class='ocrx_word' id='word_1_219' title='bbox 1433 2214 1533 2251; x_wconf 84' lang='lat' dir='ltr'>liber</span> <span class='ocrx_word' id='word_1_220' title='bbox 1564 2227 1594 2251; x_wconf 88' lang='lat' dir='ltr'>s.</span> 
     </span>
     <span class='ocr_line' id='line_1_29' title="bbox 198 2275 1591 2327; baseline 0 -13"><span class='ocrx_word' id='word_1_221' title='bbox 198 2277 362 2325; x_wconf 88' lang='lat' dir='ltr'>benigni</span> <span class='ocrx_word' id='word_1_222' title='bbox 392 2276 417 2314; x_wconf 85' lang='grc' dir='ltr'>(Ῐ</span> <span class='ocrx_word' id='word_1_223' title='bbox 446 2277 729 2327; x_wconf 66' lang='lat' dir='ltr'>(Divionensis)</span> <span class='ocrx_word' id='word_1_224' title='bbox 813 2278 857 2312; x_wconf 94' lang='grc'>11</span> <span class='ocrx_word' id='word_1_225' title='bbox 889 2277 1084 2314; x_wconf 82' lang='lat' dir='ltr'>exhausta</span> <span class='ocrx_word' id='word_1_226' title='bbox 1111 2289 1135 2313; x_wconf 88' lang='lat' dir='ltr'>a</span> <span class='ocrx_word' id='word_1_227' title='bbox 1163 2275 1345 2313; x_wconf 90' lang='lat' dir='ltr'>Seleucia</span> <span class='ocrx_word' id='word_1_228' title='bbox 1374 2276 1493 2315; x_wconf 62' lang='lat' dir='ltr'>illari.</span> <span class='ocrx_word' id='word_1_229' title='bbox 1525 2277 1591 2327; x_wconf 92' lang='lat' dir='ltr'>(B)</span> 
     </span>
     <span class='ocr_line' id='line_1_30' title="bbox 201 2339 1593 2390; baseline -0.001 -11"><span class='ocrx_word' id='word_1_230' title='bbox 201 2342 248 2379; x_wconf 85' lang='lat'>12</span> <span class='ocrx_word' id='word_1_231' title='bbox 278 2340 580 2390; x_wconf 82' lang='lat' dir='ltr'>Ctesiphontem</span> <span class='ocrx_word' id='word_1_232' title='bbox 611 2341 679 2390; x_wconf 84' lang='lat' dir='ltr'>(R)</span> <span class='ocrx_word' id='word_1_233' title='bbox 711 2369 719 2378; x_wconf 92' lang='lat'><strong>.</strong></span> <span class='ocrx_word' id='word_1_234' title='bbox 742 2369 749 2377; x_wconf 91' lang='lat'><em>.</em></span> <span class='ocrx_word' id='word_1_235' title='bbox 772 2371 780 2379; x_wconf 92' lang='lat'><strong>.</strong></span> <span class='ocrx_word' id='word_1_236' title='bbox 810 2340 950 2377; x_wconf 85' lang='lat' dir='ltr'>Parthi</span> <span class='ocrx_word' id='word_1_237' title='bbox 980 2339 1101 2379; x_wconf 78' lang='lat' dir='ltr'>Mart.</span> <span class='ocrx_word' id='word_1_238' title='bbox 1212 2340 1261 2376; x_wconf 83' lang='lat'>14</span> <span class='ocrx_word' id='word_1_239' title='bbox 1287 2340 1527 2390; x_wconf 75' lang='lat' dir='ltr'>Aethiopiae</span> <span class='ocrx_word' id='word_1_240' title='bbox 1555 2371 1562 2377; x_wconf 93' lang='lat'><em>.</em></span> <span class='ocrx_word' id='word_1_241' title='bbox 1585 2370 1593 2378; x_wconf 97' lang='lat'>.</span> 
     </span>
     <span class='ocr_line' id='line_1_31' title="bbox 198 2403 1594 2454; baseline 0.001 -13"><span class='ocrx_word' id='word_1_242' title='bbox 198 2404 550 2453; x_wconf 83' lang='lat' dir='ltr'>Trogodytarum.</span> <span class='ocrx_word' id='word_1_243' title='bbox 574 2434 581 2441; x_wconf 95' lang='lat'>.</span> <span class='ocrx_word' id='word_1_244' title='bbox 602 2404 995 2454; x_wconf 83' lang='lat' dir='ltr'>Ichthyophagorum</span> <span class='ocrx_word' id='word_1_245' title='bbox 1025 2403 1144 2441; x_wconf 75' lang='lat' dir='ltr'>Mart.</span> <span class='ocrx_word' id='word_1_246' title='bbox 1204 2404 1250 2440; x_wconf 81' lang='lat'>16</span> <span class='ocrx_word' id='word_1_247' title='bbox 1278 2408 1324 2441; x_wconf 88' lang='lat' dir='ltr'>ut</span> <span class='ocrx_word' id='word_1_248' title='bbox 1352 2404 1503 2442; x_wconf 89' lang='lat' dir='ltr'>dictum</span> <span class='ocrx_word' id='word_1_249' title='bbox 1532 2410 1594 2442; x_wconf 88' lang='lat' dir='ltr'>est</span> 
     </span>
    </p>
   </div>
   <div class='ocr_carea' id='block_1_4' title="bbox 198 2474 1594 2616">
    <p class='ocr_par' dir='ltr' id='par_1_4' title="bbox 198 2474 1594 2616">
     <span class='ocr_line' id='line_1_32' title="bbox 199 2474 1592 2551; baseline 0 -10"><span class='ocrx_word' id='word_1_250' title='bbox 199 2505 293 2541; x_wconf 81' lang='lat' dir='ltr'>deest</span> <span class='ocrx_word' id='word_1_251' title='bbox 337 2502 455 2540; x_wconf 79' lang='lat' dir='ltr'>Mart.</span> <span class='ocrx_word' id='word_1_252' title='bbox 557 2516 588 2539; x_wconf 91' lang='lat' dir='ltr'>c.</span> <span class='ocrx_word' id='word_1_253' title='bbox 628 2474 667 2539; x_wconf 68' lang='lat' dir='ltr'>et</span> <span class='ocrx_word' id='word_1_254' title='bbox 702 2501 749 2539; x_wconf 84' lang='lat' dir='ltr'><em>M</em></span> <span class='ocrx_word' id='word_1_255' title='bbox 856 2502 901 2538; x_wconf 85' lang='lat'>17</span> <span class='ocrx_word' id='word_1_256' title='bbox 945 2515 976 2540; x_wconf 92' lang='lat' dir='ltr'>c.</span> <span class='ocrx_word' id='word_1_257' title='bbox 1012 2502 1284 2551; x_wconf 82' lang='lat' dir='ltr'>promncturio</span> <span class='ocrx_word' id='word_1_258' title='bbox 1326 2510 1443 2541; x_wconf 71' lang='lat' dir='ltr'>celera</span> <span class='ocrx_word' id='word_1_259' title='bbox 1485 2516 1592 2541; x_wconf 80' lang='lat' dir='ltr'>erasa</span> 
     </span>
     <span class='ocr_line' id='line_1_33' title="bbox 198 2564 1594 2616; baseline 0 -12"><span class='ocrx_word' id='word_1_260' title='bbox 198 2566 499 2615; x_wconf 82' lang='lat' dir='ltr'>Hesperuceras</span> <span class='ocrx_word' id='word_1_261' title='bbox 529 2564 650 2603; x_wconf 73' lang='lat' dir='ltr'>Marl.</span> <span class='ocrx_word' id='word_1_262' title='bbox 689 2565 757 2615; x_wconf 66' lang='grc' dir='ltr'>(Β)</span> <span class='ocrx_word' id='word_1_263' title='bbox 841 2566 888 2602; x_wconf 87' lang='grc'>19</span> <span class='ocrx_word' id='word_1_264' title='bbox 916 2565 1188 2615; x_wconf 87' lang='lat' dir='ltr'>Hesperidum</span> <span class='ocrx_word' id='word_1_265' title='bbox 1217 2565 1336 2603; x_wconf 71' lang='lat' dir='ltr'>Mori.</span> <span class='ocrx_word' id='word_1_266' title='bbox 1420 2579 1451 2604; x_wconf 90' lang='lat' dir='ltr'>c.</span> <span class='ocrx_word' id='word_1_267' title='bbox 1482 2579 1594 2616; x_wconf 88' lang='lat' dir='ltr'>espe-</span> 
     </span>
    </p>
   </div>
   <div class='ocr_carea' id='block_1_5' title="bbox 198 2637 997 2702">
    <p class='ocr_par' dir='ltr' id='par_1_5' title="bbox 198 2637 997 2702">
     <span class='ocr_line' id='line_1_34' title="bbox 198 2637 997 2702; baseline -0.003 0"><span class='ocrx_word' id='word_1_268' title='bbox 198 2637 325 2702; x_wconf 59' lang='lat' dir='ltr'>ridbm</span> <span class='ocrx_word' id='word_1_269' title='bbox 355 2663 405 2701; x_wconf 89' lang='lat' dir='ltr'><em>M</em></span> <span class='ocrx_word' id='word_1_270' title='bbox 455 2665 504 2701; x_wconf 76' lang='lat'>20</span> <span class='ocrx_word' id='word_1_271' title='bbox 533 2668 665 2701; x_wconf 88' lang='lat' dir='ltr'>autem</span> <span class='ocrx_word' id='word_1_272' title='bbox 694 2663 847 2701; x_wconf 87' lang='lat' dir='ltr'>insulas</span> <span class='ocrx_word' id='word_1_273' title='bbox 876 2663 997 2702; x_wconf 80' lang='lat' dir='ltr'>Mart.</span> 
     </span>
    </p>
   </div>
   <div class='ocr_carea' id='block_1_6' title="bbox 1623 965 1667 996">
    <p class='ocr_par' dir='ltr' id='par_1_6' title="bbox 1623 965 1667 996">
     <span class='ocr_line' id='line_1_35' title="bbox 1623 965 1667 996; baseline -0.023 0"><span class='ocrx_word' id='word_1_274' title='bbox 1623 965 1667 996; x_wconf 89' lang='lat'>10</span> 
     </span>
    </p>
   </div>
   <div class='ocr_carea' id='block_1_7' title="bbox 1623 1283 1665 1315">
    <p class='ocr_par' dir='ltr' id='par_1_7' title="bbox 1623 1283 1665 1315">
     <span class='ocr_line' id='line_1_36' title="bbox 1623 1283 1665 1315; baseline 0 0"><span class='ocrx_word' id='word_1_275' title='bbox 1623 1283 1665 1315; x_wconf 86' lang='lat'>15</span> 
     </span>
    </p>
   </div>
   <div class='ocr_carea' id='block_1_8' title="bbox 1620 1599 1665 1631">
    <p class='ocr_par' dir='ltr' id='par_1_8' title="bbox 1620 1599 1665 1631">
     <span class='ocr_line' id='line_1_37' title="bbox 1620 1599 1665 1631; baseline 0 0"><span class='ocrx_word' id='word_1_276' title='bbox 1620 1599 1665 1631; x_wconf 71' lang='lat'>2«)</span> 
     </span>
    </p>
   </div>
  </div>
 </body>
</html>
