1916 3254
242 1003 287 1038 10

244 1322 288 1354 15

245 1643 291 1676 20

199 1941 292 1995 ‘25

882 310 1144 346 ,36-

308 421 582 474 prumtissimo
613 424 652 458 et
682 419 824 457 callido
852 418 1027 467 ingenio.
1065 417 1261 456 Vicinae¹
1290 423 1385 456 sunt
1405 419 1541 467 itaque
1560 419 1715 457 insulae

309 488 429 524 Bizes
468 491 507 523 et
543 484 742 522 Crisolida
773 489 813 521 et
840 484 881 521 in
916 482 974 521 eis
1016 482 1202 520 similiter
1242 483 1437 521 barbarae
1479 488 1622 532 gentes
1656 484 1715 521 in-

310 550 496 588 habitant
525 548 574 586 de
605 548 757 586 semine
785 546 932 584 Iafeth.

414 613 543 651 Multa
561 612 577 639 2
613 612 719 650 enim
757 611 805 649 de
835 611 985 660 ignotis
1014 610 1205 660 gentibus
1235 620 1273 648 et
1302 610 1448 648 insulis
1477 611 1719 661 septentrio-

309 677 469 715 nalibus
488 676 594 713 idem
612 675 752 713 scribit
775 675 1101 724 cosmographus,
1120 687 1221 722 quae
1238 674 1409 712 necdum
1429 673 1471 711 in
1489 673 1578 712 aliis
1599 673 1714 712 libris

310 740 459 790 scripta
486 739 750 790 repperimus.
797 737 904 786 Quae
933 740 1021 789 qm'a
1049 739 1264 788 perlonqum
1297 746 1345 776 es!
1377 738 1532 787 referre,
1561 739 1612 775 ml
1640 739 1714 776 alia

312 813 556 842 transeanms.

418 868 518 917 Tyle
533 869 548 893 ³³
576 867 717 904 ultima
746 866 876 904 insula
899 866 1037 904 oceani
1057 865 1162 904 inter
1182 864 1540 915 septentrionalem
1559 870 1598 903 et
1619 865 1718 903 occi-

313 931 515 969 dentalem
549 931 710 981 plagam
747 930 853 968 ultra
887 930 1141 969 Brittaniam.
1199 929 1376 966 Tanatos
1411 929 1543 966 insula
1580 929 1719 967 oceani

312 995 416 1033 freto
447 995 601 1033 Gallico
632 1008 653 1032 a
682 994 885 1032 Brittania
922 993 1124 1032 aestuario
1160 994 1273 1031 tenui
1309 999 1506 1043 separata,
1545 992 1720 1031 frumen-

311 1059 427 1097 tariis
457 1059 608 1108 campis
629 1064 669 1096 et
688 1058 805 1107 gleba
826 1058 952 1095 uberi.
992 1057 1171 1096 Orcades
1201 1057 1356 1095 insulae
1387 1057 1525 1095 oceani
1553 1070 1718 1095 numero

313 1123 481 1172 triginta
501 1128 595 1172 tres,
619 1136 787 1171 quarum
806 1122 952 1170 viginti
973 1122 1157 1159 desertae
1179 1128 1285 1169 sunt,
1305 1121 1499 1158 tredecim
1521 1121 1718 1158 coluntur.

314 1187 420 1225 Haec
449 1187 632 1225 Isidorus.
689 1186 763 1224 Sed
793 1185 1019 1223 Marcianus
1039 1186 1052 1211 ⁴¹
1091 1188 1143 1223 ila
1174 1187 1216 1223 de
1245 1187 1301 1222 his
1336 1186 1402 1222 ait.
1462 1184 1650 1223 Ceterum
1678 1185 1720 1222 in

313 1251 576 1288 Adlanticum
611 1250 708 1287 litus
746 1255 971 1287 remeantes
1005 1262 1077 1299 per
1106 1247 1368 1297 Aquitaniam
1406 1254 1624 1286 extremam
1654 1262 1720 1286 ex-

314 1319 523 1363 tremaque
551 1314 741 1363 Europae
769 1314 811 1350 in
840 1313 1082 1350 Brittaniam
1118 1319 1390 1350 revertuntur.
1448 1312 1559 1357 Quae
1588 1311 1720 1349 insula

314 1379 417 1416 iacet
455 1379 562 1416 inter
597 1377 915 1428 septentrionem
951 1381 990 1414 et
1025 1389 1212 1414 occasum
1245 1376 1366 1424 longa
1403 1376 1566 1414 milibus
1596 1376 1723 1414 octin—

315 1443 459 1492 gentis,
489 1442 571 1479 lata
599 1441 812 1491 trecentis3
842 1440 1035 1479 circuitus
1064 1440 1201 1478 tricies
1231 1440 1361 1478 occies
1382 1445 1422 1477 et
1442 1440 1589 1489 viginti
1609 1440 1722 1489 quin-

317 1520 393 1556 que
423 1507 531 1544 milia
559 1512 682 1544 tenet.
721 1506 770 1543 Ec
789 1506 831 1543 in
851 1505 984 1543 vicino
1014 1504 1100 1543 eius
1125 1504 1226 1542 silva
1249 1503 1458 1542 Calidonia
1487 1505 1722 1554 insulaeque

317 1571 594 1620 quamplures,
631 1571 737 1608 inter
773 1583 872 1618 quas
901 1568 1080 1607 Orcades
1109 1568 1377 1617 quadraginta
1411 1581 1515 1617 pene
1549 1568 1722 1606 iunctae.

316 1635 418 1674 Item
453 1634 702 1682 Electrides,
747 1635 788 1671 in
824 1634 970 1682 quibus
1008 1634 1200 1671 electrum
1239 1633 1438 1681 gignitum
1484 1633 1556 1670 sed
1584 1633 1724 1670 ultima

318 1699 495 1738 omnium
530 1699 662 1747 Tilae,
706 1698 746 1735 in
790 1711 866 1746 qua
911 1697 1117 1735 solstitiali
1159 1704 1339 1746 tempore
1381 1697 1598 1734 continuus
1640 1696 1727 1734 dies

316 1764 567 1812 brumalique
595 1777 676 1801 nox
702 1762 891 1813 perennis
921 1761 1108 1810 exigitur.
1166 1760 1282 1798 Ultra
1312 1774 1431 1809 quam
1467 1760 1725 1809 navigatione

319 1828 440 1866 unius
469 1827 550 1866 diei
578 1840 686 1865 mare
715 1831 946 1865 concretum
975 1832 1048 1864 est.
1105 1824 1284 1863 Solinus.-
1322 1824 1437 1863 Finis
1456 1826 1471 1851 5
1504 1830 1589 1863 erat
1618 1825 1726 1863 orbis

319 1906 387 1931 ora
424 1891 571 1930 Gallici
604 1892 753 1940 litoris,
796 1890 877 1928 nisi
914 1889 1117 1927 Brittania
1154 1889 1285 1927 insula
1320 1902 1402 1927 non
1439 1889 1618 1938 qualibet
1645 1901 1725 1926 am-

318 1955 517 2007 plitudine
546 1968 691 1993 nomen
721 1967 822 2004 pene
852 1954 961 1991 orbis
990 1953 1156 1991 alterius
1187 1958 1420 1991 mereretur.
1482 1952 1726 2001 Octingenta

321 2021 427 2058 enim
455 2024 495 2058 et
523 2018 695 2069 amplius
725 2018 834 2056 milia
863 2030 1026 2067 passum
1056 2018 1175 2065 longa
1207 2015 1377 2065 detinet,
1408 2015 1465 2053 ita
1495 2022 1539 2053 ut
1568 2029 1655 2054 eam
1684 2015 1726 2053 in

322 2084 600 2123 Calidonicum
634 2095 761 2132 usque
797 2081 988 2131 angulum
1024 2080 1247 2119 metiamur.
1303 2079 1446 2118 Multis
1476 2079 1625 2118 insulis
1652 2092 1725 2118 nec¹

321 2148 568 2198 ignobilibus
599 2146 890 2194 circumdatur,
931 2158 1100 2194 quarum
1129 2144 1325 2182 Hibernia
1365 2143 1400 2181 ei
1438 2144 1638 2194 proximat
1667 2143 1726 2180 in-

423 2307 446 2344 9
476 2319 508 2343 c.
541 2303 728 2358 [tanatos]
788 2305 834 2340 11
867 2316 898 2341 c.
928 2274 1068 2352 ubaiaeri
1096 2301 1161 2339 Jll
1217 2314 1248 2339 c.
1280 2300 1472 2339 orcadaes
1503 2313 1523 2338 a
1555 2313 1649 2338 eras.
1681 2299 1728 2337 M

322 2371 370 2408 112
400 2383 432 2408 c.
461 2368 630 2419 viginta,
662 2381 759 2407 corr.
780 2368 811 2405 ti
868 2367 918 2404 14
945 2367 1042 2404 litus
1071 2365 1210 2404 oceani
1240 2364 1358 2403 Mart.
1400 2377 1432 2403 c.
1466 2363 1727 2417 [aquitaniam

320 2468 552 2522 extremam]
613 2468 660 2506 17
691 2481 723 2506 c.
755 2438 862 2506 ocies
891 2465 939 2503 M
992 2466 1042 2503 18
1071 2470 1110 2503 et
1139 2465 1235 2503 deest
1267 2463 1387 2502 Mart.
1448 2464 1499 2502 ‘28
1527 2463 1725 2514 proximat

322 2532 612 2583 magnitudine,
644 2531 860 2569 inhumana
889 2529 1111 2568 incolarum
1141 2528 1218 2566 Sol.

418 2663 428 2689 ¹
459 2663 505 2697 ib.
535 2661 582 2706 11,
614 2663 647 2701 5,
681 2662 712 2695 1.
833 2659 849 2684 2
883 2659 929 2694 ib.
965 2658 1011 2701 11,
1043 2659 1075 2702 6,
1102 2660 1134 2692 5.
1256 2658 1270 2683 :³
1302 2668 1346 2691 ex
1380 2657 1462 2690 lsid.
1498 2657 1593 2696 ΧΠ,
1627 2656 1661 2699 6,
1694 2657 1726 2690 4.

322 2721 336 2746 ⁴
363 2721 424 2764 vl,
450 2720 528 2755 666.
579 2719 594 2746 5
620 2719 733 2762 xxm,
762 2718 886 2751 1-12.
