1916 3254
747 305 795 309 —.
850 284 900 318 34)
957 305 1007 309 ..-

177 404 355 440 nugaces
389 398 606 442 nuncupat.
660 392 710 428 In
744 392 808 429 his
844 391 987 429 insulis
1015 390 1101 429 fera
1129 391 1249 439 nulla,
1280 392 1423 440 anguis
1452 392 1574 441 nulla,

178 455 309 493 bestia
336 468 425 493 raro
454 455 534 493 nisi
563 455 705 505 vulpes
734 462 774 493 et
809 454 981 492 cuniculi
1011 454 1125 492 multi
1155 468 1201 492 ac
1229 455 1354 505 lepus.
1411 455 1576 493 Habent

179 519 298 556 etiam
336 519 628 556 saramandras.
685 518 875 566 Undique
909 519 981 555 has
1011 518 1163 555 insulas
1192 531 1302 555 mare
1341 519 1573 556 circumdat.

178 581 222 618 In
250 581 395 620 Viarce
431 581 577 632 quippe
614 581 804 619 maiorem
839 586 1034 619 staturam
1070 581 1218 619 habere
1254 580 1351 618 dicit
1388 595 1505 629 quam
1534 582 1573 618 in

177 644 386 684 Bridinno.
443 645 592 683 Avium
635 645 789 694 copiam
830 650 911 682 †am
953 645 1195 693 inmensam,
1240 657 1357 692 quam
1392 645 1433 682 in
1467 645 1576 681 nulla

177 709 254 746 alia
273 709 405 747 insula
423 709 600 758 repperit
628 708 707 745 nisi
736 709 776 744 in
804 708 982 746 Meotido
1011 708 1112 757 lacu,
1143 713 1183 746 et-
1210 708 1330 745 talem
1359 708 1574 745 tumultua—

177 773 327 810 tionem
356 773 420 810 vel
447 771 643 820 garritum
672 772 827 808 faciunt
856 771 963 808 omni
992 776 1182 821 tempore,
1213 772 1326 820 quasi
1355 773 1575 809 tonitruum

177 849 376 884 magnum.
433 837 477 873 ln
506 848 625 872 arena
654 835 789 882 itaque
817 835 939 872 maris
968 835 1171 884 panicium
1201 840 1240 872 et
1268 835 1423 872 milium
1458 835 1574 873 seini-

177 904 275 936 nant
313 904 353 936 et
387 899 555 936 multum
591 898 633 935 in
668 898 819 935 semine
855 897 1024 948 proficit.
1081 898 1170 935 Hoc
1204 898 1365 936 illorum
1393 899 1506 936 labor
1536 905 1576 937 et

178 963 260 999 vita
288 975 388 1012 opus
427 967 489 999 est
517 967 556 999 et
592 961 767 1009 utilitas,
810 961 917 998 unde
951 961 1189 998 mirabiliter
1226 966 1339 999 actus
1378 967 1417 1000 et
1455 976 1576 1012 opera

176 1025 335 1062 illorum
363 1025 403 1061 in
432 1024 645 1061 ridiculum
674 1029 714 1062 et
741 1024 898 1061 fabulas
927 1029 1065 1061 narrat
1092 1024 1382 1074 phylosophus.
1437 1026 1541 1064 Item
1567 1028 1575 1052 1

176 1088 428 1126 Gadarontas
458 1087 599 1125 scribit
626 1088 780 1125 insulas
809 1088 992 1135 ultraque
1021 1087 1110 1125 illas
1141 1092 1322 1125 autumat
1355 1088 1499 1127 nullas.
1536 1094 1574 1127 et

175 1151 323 1189 ibidem
351 1151 515 1200 frigoris
546 1156 585 1188 et
605 1151 798 1189 Stridoris
827 1151 1009 1200 multum,
1037 1151 1107 1188 ubi
1135 1151 1329 1189 barbarae
1355 1157 1495 1200 gentes
1516 1153 1573 1190 in-

174 1216 373 1253 habitant.
411 1217 512 1253 Arte
540 1215 694 1252 musica
723 1228 812 1252 cum
840 1215 951 1252 tibiis
980 1215 1108 1253 aereis
1129 1215 1193 1252 vel
1222 1216 1391 1254 oricalco
1423 1217 1573 1254 ornatis

174 1279 373 1328 pollentes
410 1280 466 1316 ita
493 1285 537 1316 ut
567 1278 799 1317 Sirenaruin
835 1278 1132 1316 multitudinem
1162 1292 1325 1316 suorum
1355 1280 1573 1317 carminum

175 1343 430 1381 inmensitate
458 1350 739 1392 promoveant:
777 1343 839 1380 De
867 1343 1040 1391 negotiis
1070 1344 1223 1392 degunt
1252 1343 1416 1382 ordeum
1446 1350 1486 1382 et
1512 1344 1574 1381 far

174 1407 463 1444 tantummodo.
516 1407 676 1444 labores
713 1420 849 1444 eorum
883 1412 977 1444 sunt
1005 1406 1104 1444 satis
1141 1407 1326 1455 exiguae,
1368 1407 1466 1445 ferri
1495 1422 1574 1446 me-

175 1471 282 1508 tallis
321 1470 469 1508 ferales
499 1475 539 1508 et
566 1471 739 1507 maxima
775 1471 936 1508 nautica
972 1476 1057 1508 arte
1087 1471 1228 1507 inbuti.
1258 1471 1406 1508 habent
1424 1472 1439 1497 '2
1469 1471 1574 1509 enim

177 1535 415 1572 industriam
437 1535 628 1584 operandi
656 1535 868 1583 nauticam,
898 1548 1015 1582 quam
1035 1535 1076 1571 in
1095 1534 1216 1572 nullis
1238 1535 1418 1585 partibus
1437 1535 1575 1572 mundi

174 1598 240 1635 vel
281 1597 425 1635 insulis
466 1598 587 1635 maris
629 1599 849 1647 comperire
891 1611 935 1635 se
977 1597 1086 1636 dicit.
1143 1597 1249 1635 Dein
1268 1599 1282 1622 ³³
1317 1598 1367 1635 ad
1402 1598 1574 1635 insulam

174 1660 394 1698 Rifaricam
422 1661 558 1698 stilum
593 1662 705 1710 ponit
740 1661 847 1698 idem
882 1661 1064 1710 sophista
1100 1661 1235 1709 ibique
1263 1666 1425 1709 gentem
1455 1662 1573 1699 auda-

178 1737 262 1762 cem
293 1730 413 1773 atque
441 1725 619 1762 velocem
649 1729 688 1762 et
707 1725 825 1762 valde
853 1724 1014 1773 ingenio
1045 1738 1212 1773 gnaram
1240 1725 1281 1762 in
1310 1726 1573 1763 subversione

174 1789 334 1826 urbium
362 1801 408 1825 ac
445 1789 652 1826 civitatum
687 1788 932 1825 munitarum
962 1789 1213 1838 praecogniti
1243 1794 1328 1826 arte
1368 1788 1573 1826 fabrorum

282 1888 300 1923 1
331 1892 545 1936 noncupat.
575 1886 615 1923 in
644 1887 717 1924 has
750 1887 901 1924 insolas
930 1887 1036 1924 Aellae.
1110 1887 1133 1923 3
1163 1887 1435 1924 salamandras
1466 1887 1571 1925 Aah.

173 1949 352 2000 (LGW)
407 1949 547 1998 utique
566 1951 672 1988 Aetle.
704 1950 768 2001 (P)
826 1951 848 1987 ὃ
877 1950 955 1987 alia
982 1950 1114 1988 insula
1142 1950 1253 1987 nulla
1273 1951 1378 1988 Aetli.
1438 1951 1458 1986 7
1490 1964 1572 1987 ear-

173 2018 300 2051 retum
330 2014 435 2051 Aah.
503 2027 616 2051 omne
645 2019 805 2063 tempus
834 2014 939 2052 Aetli.
1010 2014 1033 2050 9
1062 2014 1103 2051 in
1133 2027 1269 2052 semen
1298 2015 1403 2052 Aella.
1473 2015 1573 2052 haec

173 2076 332 2114 illorum
361 2078 467 2114 Aello.
496 2077 563 2127 (L)
622 2079 671 2115 10
698 2078 783 2115 vita
812 2083 851 2115 et
880 2091 980 2127 opus
1007 2078 1112 2115 Aah.
1143 2078 1208 2127 (L)
1266 2078 1316 2114 14
1344 2090 1376 2115 c.
1407 2083 1572 2116 ornatus

173 2141 309 2179 icon-r.
347 2141 394 2178 M
444 2150 526 2191 post
563 2142 714 2179 ornatis
754 2150 851 2179 loliis
890 2155 1015 2180 versus
1054 2143 1211 2179 mna-‘sug
1251 2142 1377 2190 A'Aellz.
1420 2141 1572 2180 ornatis

173 2204 325 2242 viribus
366 2205 534 2254 prolatis
575 2206 781 2254 incognita
824 2206 1001 2243 carmina
1038 2205 1143 2242 ultra
1180 2205 1280 2242 alias
1308 2209 1451 2253 gentes
1479 2218 1571 2254 pro-

172 2267 347 2306 ferentes
375 2269 431 2306 ita
458 2274 503 2306 ut
532 2272 778 2320 serenarum)
837 2271 884 2307 15
915 2283 946 2308 c.
977 2270 1211 2311 serenarum
1241 2269 1287 2306 M
1344 2269 1391 2305 16
1421 2276 1460 2307 et
1480 2269 1571 2307 illae

173 2331 342 2369 maxime
371 2332 420 2370 de
447 2332 620 2381 negotiis
651 2333 800 2382 degent
827 2334 933 2371 Aah.
1017 2334 1064 2370 17
1093 2333 1253 2371 metallo
1282 2332 1435 2370 fertiles
1464 2333 1571 2370 Aah.

174 2395 223 2432 18
252 2394 423 2432 maxime
456 2396 562 2434 Aah.
631 2397 682 2433 22
710 2397 842 2435 valido
877 2397 1038 2445 ingenio
1073 2398 1179 2434 Aetle.
1254 2398 1302 2435 23
1322 2396 1572 2446 praecogniti

173 2471 266 2507 quae
294 2466 491 2508 sequunler
518 2461 667 2509 confuse
688 2468 866 2511 excerpta
896 2462 1022 2509 JAella.
1043 2461 1286 2497 munitarum
1315 2460 1570 2510 prumptissi-

172 2536 279 2559 mum
315 2530 355 2560 et
393 2523 574 2561 caledum
609 2525 817 2572 ingenium
853 2525 1058 2563 fabrorum
1087 2530 1184 2563 arte.
1224 2525 1292 2573 qui
1320 2524 1571 2574 praecogniti

173 2586 366 2624 arietibus
395 2616 404 2624 .
435 2588 461 2634 .)

269 2684 279 2710 ¹
306 2685 354 2718 ib.
380 2685 427 2729 II,
453 2686 485 2728 3,
511 2688 543 2721 2.
593 2684 609 2711 '2
634 2686 682 2719 ib.
709 2685 754 2727 ΙΙΊ
781 2687 814 2726 3,
840 2687 873 2721 3.
923 2685 938 2712 3
964 2688 1012 2720 ib.
1039 2687 1084 2726 11„
1110 2689 1143 2723 4.,
1170 2687 1200 2719 1.

1600 973 1644 1004 10

1599 1613 1645 1646 520
