1916 3254
782 286 1041 324 —65—

205 396 330 436 certis
361 401 473 436 ortus
502 397 682 436 fontibus
718 396 914 446 creditur,
953 409 1042 434 cum
1076 395 1178 434 Iuba
1207 408 1278 434 rex
1308 409 1397 434 cum
1425 408 1449 433 a
1475 400 1608 434 monte

204 460 411 499 inferioris
439 461 707 499 Mauritaniae
743 461 792 499 de
827 461 917 498 lacu
945 459 1080 498 Nilide
1110 459 1206 497 oriri
1243 458 1462 508 significet,
1501 459 1609 508 quod

135 519 138 522 ⁴
201 524 446 563 animalibus
474 524 602 563 isdem
629 529 668 563 et
697 524 944 573 argumentis
973 522 1154 561 facturae
1181 523 1322 573 parilis
1351 523 1607 573 approbatur.

214 587 319 626 Unde
339 587 511 626 Solinus:
534 589 540 615 ¹
570 588 785 638 Aegyptus
805 601 828 625 a
855 586 1046 625 meridiae
1074 587 1277 625 introrsus
1305 587 1459 625 recedit
1487 592 1609 635 quoat

207 652 478 702 praetendunt
519 652 773 702 Aethyopes;
824 665 847 688 a
889 655 1002 700 tergo
1046 651 1284 689 interiorem
1325 651 1412 689 eius
1454 654 1610 700 partem

206 715 325 754 Nilus
361 715 619 764 circumfluit,
659 716 728 763 qui
763 715 916 753 scissus
944 728 967 752 a
994 715 1081 753 loco
1118 715 1181 752 cui
1212 714 1333 753 Delta
1368 727 1512 753 nomen
1548 720 1610 752 est

202 779 258 817 ad
286 779 443 817 insulae
470 779 615 817 faciem
643 778 775 828 spatia
803 778 1058 828 amplectitur
1086 779 1246 816 interna
1267 784 1307 816 et
1326 779 1478 816 incerto
1506 790 1609 828 pene

207 842 320 881 fonte
359 843 576 881 decurrens
610 842 796 891 proditur
823 846 870 879 ut
897 842 1141 890 loquaemur.
1199 841 1405 890 Originem
1439 842 1560 879 habet
1587 855 1610 879 a

209 911 343 944 monte
372 905 574 944 inferioris
602 905 887 953 Mauritaniae,
930 904 998 952 qui
1028 917 1174 942 oceano
1209 906 1465 955 propinquat.
1521 905 1610 943 Hoc

202 969 410 1007 affirmant
428 968 573 1006 Punici
593 968 696 1017 libri,
726 968 802 1005 hoc
820 967 962 1005 Iubam
982 981 1121 1016 regem
1140 968 1359 1018 accipimus
1379 969 1608 1008 tradidisse.

206 1032 339 1081 Igitur
372 1031 557 1081 protinus
591 1031 703 1069 lacus
733 1030 926 1079 efficitur,
964 1044 1082 1079 quem
1111 1030 1249 1069 Nilum
1278 1032 1434 1081 dicunt;
1474 1033 1610 1070 Nilum

201 1100 339 1133 autem
374 1094 453 1132 iam
488 1095 581 1133 inde
620 1107 710 1133 esse
746 1095 967 1143 coniciunt,
1006 1095 1109 1143 quod
1147 1095 1223 1134 hoc
1258 1101 1447 1145 stagnum
1475 1096 1610 1134 herbis

206 1158 387 1208 piscibus
416 1159 548 1197 beluis
576 1159 678 1197 nihil
705 1158 838 1196 minus
868 1163 1053 1209 procreet
1085 1172 1204 1207 quam
1232 1159 1274 1197 in
1293 1159 1385 1197 Nilo
1415 1160 1609 1208 videmus,

207 1222 367 1270 quando
396 1223 659 1272 Mauritania,
699 1222 878 1271 undique
913 1223 1025 1271 origo
1056 1223 1142 1261 eius
1171 1229 1245 1274 est,
1274 1238 1297 1261 a
1324 1224 1487 1262 nivibus
1516 1223 1610 1261 den—

204 1287 383 1325 sioribus
404 1292 473 1324 aut
501 1287 696 1325 imbribus
726 1287 968 1336 largioribus
998 1286 1201 1337 irrigatur,
1231 1288 1337 1326 unde
1366 1289 1611 1328 incrementa

206 1351 491 1389 exundationis
529 1351 571 1388 in
599 1353 789 1401 Aegypto
829 1357 1065 1399 augeantur.
1123 1351 1202 1390 Sed
1233 1351 1388 1390 effusus
1417 1352 1492 1390 hoc
1520 1352 1610 1390 lacu

207 1415 369 1453 harenis
400 1416 587 1454 sorbetur
616 1420 656 1453 et
685 1414 881 1453 cuniculis
911 1416 1040 1453 caecis
1071 1415 1344 1453 absconditur.
1383 1415 1540 1454 Deinde
1568 1416 1610 1453 in

209 1479 486 1517 Caesariensis
537 1479 673 1529 penita
720 1491 986 1529 prorumpens
1032 1479 1227 1528 ampliora
1281 1480 1420 1517 eadem
1468 1480 1610 1517 inditia

209 1543 397 1594 praefert,
439 1556 539 1592 quae
568 1542 610 1580 in
640 1548 781 1581 exortu
810 1546 1051 1591 notavimus,
1082 1556 1302 1592 rursusque
1333 1543 1509 1581 subsidit
1537 1557 1611 1582 nec

1657 660 1678 691 5

1636 978 1680 1010 10

1638 1298 1678 1329 15

208 1608 322 1657 prius
352 1607 456 1645 redit
494 1620 613 1655 quam
647 1611 741 1656 post
777 1606 990 1644 intervalla
1027 1607 1185 1645 itineris
1223 1608 1374 1645 extenti
1404 1607 1611 1656 contingat
1634 1614 1680 1647 20

204 1672 451 1722 Aethiopas,
489 1672 559 1709 ubi
588 1671 670 1709 exit
705 1676 745 1708 et
773 1671 943 1719 Nigrum
978 1671 1077 1709 facit
1114 1671 1299 1720 fluvium,
1338 1686 1454 1720 quem
1490 1685 1612 1722 supra

211 1736 387 1773 diximus
418 1748 508 1774 esse
536 1735 751 1773 terminum
780 1735 918 1773 limitis
947 1735 1141 1773 Africani.
1181 1738 1379 1786 Astapum
1408 1750 1498 1773 eum
1518 1736 1611 1774 inde

205 1804 350 1847 gentes
383 1803 538 1848 vocant,
569 1799 722 1837 scilicet
751 1812 894 1847 aquam
916 1812 936 1837 e
956 1800 1134 1837 tenebris
1154 1799 1431 1849 profluentem.
1460 1800 1612 1838 Multas

315 1973 337 2008 2
360 1985 392 2012 c.
413 1971 485 2009 nili
514 1971 661 2010 deoriri
715 1974 740 2009 4
760 1985 790 2010 c.
823 1978 912 2011 coat
941 1946 1034 2022 qdlat
1064 1987 1159 2012 corr.
1183 1974 1248 2012 Ml
1303 1976 1326 2012 5
1347 1976 1613 2026 praetendant

209 2035 285 2073 Soc.
318 2035 393 2085 (H)
467 2036 588 2074 Aeth.
616 2049 639 2073 a
667 2042 793 2085 tergo.
824 2037 1057 2075 inferiorem
1087 2038 1158 2089 (Η)
1189 2038 1265 2077 Sol.
1337 2039 1359 2076 7
1390 2039 1613 2077 interamna

209 2105 250 2136 et
279 2098 356 2137 Sol.
389 2099 461 2150 (H)
519 2100 544 2136 8
574 2113 604 2137 c.
636 2100 812 2149 origines
842 2115 880 2138 m
911 2115 1007 2139 corr.
1030 2101 1081 2139 M
1130 2103 1153 2139 9
1184 2116 1214 2141 c.
1244 2108 1421 2141 montem
1449 2118 1486 2141 m
1517 2118 1610 2142 eras.

212 2165 259 2200 11
294 2163 424 2201 lacum
454 2164 526 2214 (Η)
557 2163 682 2202 efficit
710 2164 784 2202 Sol.
869 2178 987 2214 quem
1016 2165 1191 2204 Nilidem
1222 2166 1298 2205 sol.
1330 2168 1402 2218 (Η)
1489 2170 1537 2204 14
1566 2181 1613 2206 ac

210 2228 248 2264 si
277 2227 436 2274 quando
466 2226 543 2265 Sol.
574 2228 648 2278 (Η)
719 2228 824 2266 unde
854 2229 965 2278 origo
996 2229 1072 2268 Sol.
1105 2230 1176 2279 (H)
1245 2236 1314 2268 aut
1343 2232 1504 2270 nivibus
1534 2232 1611 2269 Sol.

210 2289 332 2340 (Dic.)
419 2292 466 2328 15
496 2292 695 2340 inrigatur
724 2291 971 2330 incrementa
1000 2293 1076 2332 Sol.
1110 2294 1183 2345 (Η)
1261 2295 1307 2331 1ῖ
1339 2309 1370 2333 c.
1402 2296 1612 2333 cuniculus

209 2353 339 2392 icorr.
362 2353 413 2391 M
465 2355 512 2393 18
535 2354 787 2394 Caesariensi
816 2370 938 2406 specu
968 2357 1044 2396 Sol.
1077 2358 1372 2408 (Caesariensis
1400 2360 1525 2410 petita
1556 2360 1611 2409 H)

209 2417 402 2467 ampliore
433 2418 508 2456 Sol.
542 2419 613 2470 (H)
750 2421 800 2458 20
829 2434 871 2458 se
901 2421 1012 2470 prius
1042 2421 1175 2458 reddit
1205 2421 1281 2460 Sol.
1418 2437 1449 2460 c.
1480 2425 1613 2471 reddit

210 2481 258 2517 21
291 2481 449 2529 Nigrim
479 2481 554 2520 Sol.
591 2482 703 2533 (LG)
787 2485 836 2520 <22
876 2484 1076 2533 indigetes
1112 2499 1196 2523 voc.
1235 2485 1312 2524 Sol.
1355 2486 1610 2537 (LGhAP2’)

211 2545 261 2581 23
292 2558 323 2583 c.
356 2550 395 2583 et
423 2550 437 2582 t
469 2559 562 2583 eras.

313 2679 319 2703 1
350 2679 494 2721 xxxn,
523 2680 625 2714 1-s.
