1916 3254
885 245 1146 281 -84—

417 355 623 401 Quarum1
658 355 787 405 prima
819 355 1070 392 Membriona
1105 354 1272 404 dicitur,
1315 357 1493 394 secunda
1534 357 1711 407 Iunonia,

313 418 433 457 tertia
468 418 679 467 Theodae,
723 423 867 467 quarta
895 416 1104 468 Capraria,
1149 418 1227 456 alia
1262 417 1444 467 Nivalia,
1487 433 1588 468 quae
1623 425 1713 459 aere

314 482 507 520 nebuloso
537 489 578 519 et
607 485 794 519 concreto
824 485 897 519 est.
952 481 1049 519 Mox
1078 481 1265 531 Canaria,
1306 482 1473 520 canibus
1507 483 1713 522 inmensae

312 544 607 594 magnitudinis
635 545 769 595 plena;
801 557 939 583 omnes
968 544 1113 583 avibus
1141 545 1304 595 plenae,
1339 558 1595 596 nemorosae,
1630 547 1713 597 pal-

311 609 464 658 mifere,
494 622 595 647 nuce
624 608 754 659 pinea,
784 607 914 647 mellis
936 607 1065 658 copia,
1096 609 1282 647 amnibus
1301 622 1348 647 ac
1368 609 1505 648 siluris
1533 611 1713 661 piscibus

315 673 578 711 abundantes.

413 736 663 775 Pereursus2
692 737 885 779 breviterz
898 746 1097 776 terrarum
1127 738 1230 776 situs
1259 737 1354 776 licet
1381 737 1573 786 ignobilia
1595 751 1713 787 quae—

317 813 394 849 que
424 800 728 850 praetervolans
755 801 960 840 immorari
987 814 1069 840 non
1096 801 1221 852 potui.

572 930 588 948 n

415 958 435 994 1
467 970 499 994 e.
529 957 681 996 iuionia
709 958 757 996 M
889 960 913 996 2
942 958 1106 996 Theode
1143 958 1262 996 Illart.
1386 957 1554 995 Nivaria
1590 958 1710 1000 Mart.

313 1024 339 1059 4
368 1034 399 1058 c.
430 1021 582 1070 avebus
611 1021 661 1059 M

360 1167 371 1192 ¹
396 1168 445 1201 ib.
472 1167 532 1210 VI,
559 1168 636 1201 702.
687 1166 704 1193 2
730 1169 779 1202 ib.
797 1167 877 1201 703.
902 1168 1015 1200 verba
1039 1168 1078 1199 in
1105 1168 1173 1200 fine
1198 1168 1317 1210 posita
1343 1168 1508 1212 intellegi
1535 1178 1607 1201 non
1634 1177 1713 1211 pos-

308 1228 405 1266 sunt,
432 1227 500 1258 nisi
521 1228 632 1259 totam
653 1226 825 1259 Marciani
848 1226 1064 1258 sententiam
1083 1225 1359 1258 contulerimus:
1379 1225 1564 1258 Pero-ursus
1581 1224 1716 1257 breciter

307 1289 476 1314 terrarum
500 1285 585 1315 situs
612 1283 683 1315 licet
709 1282 869 1325 iynobilia
896 1295 1038 1326 quaeque
1059 1282 1307 1326 praetervolans
1332 1285 1506 1315 immorari
1524 1294 1589 1315 mm
1611 1286 1712 1326 potui,

307 1346 417 1373 tamen
441 1347 477 1372 ut
503 1340 611 1373 orbem
635 1347 741 1374 terrae
765 1344 936 1383 mariaque
961 1353 1135 1374 ammensa
1159 1353 1344 1385 coynoscar,
1369 1353 1561 1374 mensuram
1585 1353 1713 1374 omnem

306 1398 442 1432 breciter
468 1399 635 1432 intimabo.
