1916 3254
772 297 1028 333 —77-

201 411 457 445 externorum
502 407 718 445 transitum
764 405 1030 445 cohi-bendum
1078 405 1261 454 quamvis
1308 418 1431 443 verno
1479 405 1599 442 etiam

201 471 453 521 serpentibus
483 471 748 509 occluduntur
782 472 874 508 sicut
905 483 1021 520 supra
1051 471 1190 508 dictum
1218 477 1267 508 est
1277 484 1293 518 ,·
1323 482 1346 506 a
1375 469 1520 517 quibus
1549 467 1600 505 ad

198 534 375 572 Pontum
405 534 577 573 ducenta
604 534 713 572 milia
740 546 934 583 passuum
961 547 1040 571 non
1070 533 1237 571 dubium
1265 538 1338 571 est.
1395 532 1438 569 ln
1468 531 1600 569 Ponto

205 604 338 636 autem
380 603 475 637 sunt
516 598 672 636 insulae
709 597 1011 648 Simphegades.
1069 598 1164 636 Mox
1206 597 1317 647 regio
1360 597 1600 645 Marcineae‚

203 664 303 712 reqc'o
332 663 416 701 sola
443 662 484 699 in
514 676 559 700 eo
588 666 721 700 tractu
748 661 926 710 vitifera,
964 662 1118 700 inclusa
1146 662 1351 700 montibus
1380 661 1603 699 stadiorum
1653 668 1672 699 5

202 726 312 764 mille
341 727 672 775 quingentorum,
709 725 887 763 difficilis
916 725 1029 763 aditu
1057 731 1221 775 propter
1250 725 1489 763 solitudines
1518 738 1602 762 are-

201 803 334 838 nosas,
364 803 464 838 quae
486 794 581 827 sunt
601 802 671 839 per
690 793 850 827 centum
870 788 1016 837 viginti
1035 789 1144 826 milia
1163 802 1368 838 passuum.
1398 788 1603 837 Regiones

203 853 433 904 praedictae
469 866 635 890 amoena
662 852 895 890 Alexander
922 852 1097 901 Magnus
1134 852 1338 900 delegerat
1373 858 1412 890 et
1440 852 1496 890 ibi
1523 852 1602 901 pri-

201 931 309 954 mum
337 917 510 955 nominis
540 915 603 954 sui
631 915 867 954 condiderat
895 915 1100 953 civitatem
1129 929 1230 963 quae
1265 916 1400 954 excisa
1434 920 1515 965 est,
1554 916 1603 953 ab

204 981 405 1019 Antiocho
435 979 593 1018 Seleuci
620 978 702 1016 filio
730 983 917 1028 reparata
947 992 1034 1016 cum
1064 979 1225 1016 nomine
1253 979 1381 1028 patris
1411 979 1602 1018 eiusdem.
1628 986 1674 1018 10

208 1043 332 1082 Cuius
368 1043 560 1081 circuitus
597 1043 718 1080 habet
761 1042 893 1080 stadia
936 1042 1193 1092 septuaginta
1235 1042 1422 1090 quinque.
1482 1042 1604 1080 Indeo

204 1108 351 1156 amnis,
390 1107 458 1155 qui
495 1107 599 1144 eirca
626 1106 856 1144 Bactricum
891 1105 977 1144 eius
1006 1106 1179 1143 nominis
1215 1105 1360 1156 oppido
1389 1105 1604 1153 fluvioque.

205 1171 311 1209 ultra
331 1170 524 1221 oppidum
542 1170 725 1208 Paranda
745 1169 1078 1208 Succidianorum
1098 1169 1167 1207 ubi
1185 1169 1418 1208 Alexander
1446 1170 1606 1207 tertiam

206 1235 492 1274 Alexandriam
536 1234 717 1273 condidit
753 1235 803 1272 ad
847 1234 1150 1272 contestandam
1196 1233 1354 1272 itineris
1400 1233 1605 1283 prolixita-

204 1306 295 1339 tem.
334 1299 482 1349 quippe
511 1299 661 1337 emensi
697 1312 720 1335 a
747 1298 895 1336 Libero
931 1298 1076 1336 dehinc
1110 1299 1158 1336 ab
1188 1298 1364 1336 Hercule
1392 1311 1484 1335 arae
1512 1302 1606 1335 sunt
1632 1305 1673 1335 15

206 1363 451 1402 constitutae
488 1363 528 1400 in
566 1363 841 1401 testimonium
876 1362 1025 1400 laboris
1060 1362 1242 1400 inmensi.
1299 1362 1416 1399 Illam
1455 1366 1603 1399 terram

203 1432 358 1478 partem
399 1428 556 1465 Iaxates
599 1426 748 1465 fluvius
790 1431 901 1464 secat
930 1427 998 1474 qui
1028 1426 1176 1464 Tanais
1206 1427 1443 1476 putabatur,
1487 1439 1605 1474 quem

203 1492 474 1530 Demodamus
518 1491 598 1528 dux
640 1490 893 1529 transcendit
936 1491 1136 1539 aliumque
1182 1504 1270 1528 esse
1313 1490 1524 1540 perdocuit
1567 1495 1605 1527 et

206 1556 311 1593 ultra
339 1555 526 1593 Didimeo
559 1554 766 1605 Appollini
794 1568 884 1592 aras
923 1555 1110 1592 extruxit.
1166 1554 1245 1592 Hic
1274 1554 1463 1592 Persicus
1492 1554 1606 1591 limes

208 1619 371 1669 Scithys
406 1619 606 1668 iungitur,
646 1619 716 1656 sed
753 1618 944 1668 Scithyco
981 1631 1127 1657 oceano
1157 1624 1197 1656 et
1226 1618 1372 1668 Caspio
1402 1618 1501 1655 mari
1530 1631 1608 1666 qua
1631 1622 1677 1655 2l)

206 1684 248 1721 in
277 1696 469 1721 oceanum
499 1696 640 1721 cursus
671 1687 732 1720 est
760 1682 984 1732 profundae
1013 1682 1051 1719 in
1083 1682 1244 1721 exordio
1274 1683 1408 1731 nives,
1445 1682 1606 1721 dehinc-

208 1761 284 1796 que
312 1748 432 1796 longa
461 1747 652 1795 deserti03
684 1752 776 1797 post
805 1760 924 1795 quam
952 1746 1223 1796 Antropofagi
1253 1760 1447 1784 excursus
1476 1746 1607 1784 invios

207 1811 438 1860 reddidere3
482 1816 574 1861 post
611 1824 711 1859 quos
750 1811 886 1860 Seres,
931 1811 999 1859 qui
1036 1811 1156 1849 undis
1186 1819 1408 1860 aspergunt
1445 1811 1608 1848 arbores

210 1889 315 1924 suas,
346 1881 389 1913 ut
419 1876 584 1924 lanugo,
625 1888 727 1923 quae
756 1875 928 1913 sericum
958 1880 1079 1923 creat,
1116 1876 1245 1925 possit
1273 1874 1444 1913 admitti.
1500 1875 1609 1912 Alia-

209 1953 298 1977 rum
332 1939 513 1988 gentium
551 1939 733 1976 homines
775 1943 1044 1989 aspernantur
1090 1946 1129 1976 et
1171 1938 1465 1989 appositionem
1507 1952 1609 1976 coni-
1634 1942 1678 1975 25

315 2052 337 2086 2
370 2050 638 2088 obcludantur
658 2049 776 2088 illari.
834 2051 939 2087 sicut
968 2063 1090 2099 supra
1120 2050 1271 2087 dictum
1292 2059 1353 2087 est
1373 2051 1466 2088 dees!
1490 2050 1608 2087 Mart.

209 2116 233 2151 3
262 2128 452 2164 passuum
482 2128 570 2152 esse
600 2113 719 2152 illari.
789 2114 814 2150 4
843 2114 1141 2163 Symplegades
1172 2114 1293 2151 ssIart.
1367 2114 1478 2163 regio
1507 2115 1612 2151 Mar-

212 2179 330 2227 giane
360 2179 479 2217 Mart.
563 2182 586 2217 ὅ
614 2179 725 2227 regio
756 2180 850 2216 dees!
883 2178 1003 2216 Mart.
1094 2179 1114 2215 7
1145 2179 1322 2226 regionis
1351 2192 1408 2228 pr.
1439 2179 1611 2216 amoeni-

212 2249 335 2281 tatem
364 2243 483 2281 Marl.
554 2244 579 2280 8
608 2256 639 2281 c.
669 2242 846 2293 amoenia
930 2244 1057 2293 primo
1087 2243 1207 2280 Mars.
1290 2244 1313 2280 9
1343 2248 1383 2280 et
1412 2244 1459 2280 ab
1491 2242 1610 2280 illari.

215 2309 258 2344 11
291 2307 382 2344 inde
412 2307 523 2345 Oxus
552 2307 679 2345 amnis
709 2307 829 2345 Mart.
903 2309 951 2344 12
981 2308 1169 2345 Bactram
1199 2320 1288 2344 cum
1317 2307 1437 2346 Mart.
1470 2306 1613 2357 (bactri

214 2385 302 2410 cum
324 2372 364 2422 b)
424 2373 469 2410 13
490 2372 676 2410 Paranda
705 2386 738 2411 Ο.
769 2372 1063 2421 Sogdianorum
1085 2402 1092 2409 .
1116 2403 1123 2409 .
1147 2403 1153 2409 .
1175 2372 1470 2410 Alexandream
1493 2371 1613 2411 ΛΠανί.

214 2436 283 2486 (R)
386 2437 432 2472 15
463 2435 610 2485 quippe
638 2437 694 2473 ibi
714 2450 736 2474 a
756 2436 875 2475 illam.
909 2437 973 2486 (P)
1084 2437 1130 2474 16
1160 2436 1320 2473 laboris.
1352 2436 1458 2473 illam
1493 2435 1610 2473 M‘art.

217 2500 273 2550 (p)
352 2505 548 2537 terrarum
585 2499 703 2537 Mare.
789 2501 835 2537 17
866 2501 1039 2538 Laxates
1072 2530 1078 2537 .
1110 2530 1116 2537 .
1148 2529 1155 2537 .
1185 2499 1455 2537 Deinodamas
1494 2499 1615 2538 filare.

217 2564 265 2600 19
294 2563 517 2612 Didymaeo
547 2563 666 2600 Illarl.
699 2564 749 2613 (B
762 2564 814 2613 R)
871 2566 921 2602 ⁴20
951 2564 1113 2613 Scythis
1142 2563 1262 2601 illuri.
1320 2564 1365 2601 21
1399 2576 1455 2601 oc.
1486 2564 1615 2600 Eoum

217 2627 336 2665 Mari.
393 2629 441 2664 22
471 2628 806 2677 Anthropophagi
839 2627 958 2665 Mari.
1013 2629 1061 2665 25
1091 2640 1122 2665 c.
1153 2631 1433 2676 aspernuntur,
1467 2640 1561 2664 corr.
1593 2640 1615 2663 a

269 2691 520 2741 appositione
551 2691 669 2729 Jlart.
702 2691 815 2742 (BR)
