1916 3254
262 970 306 1002 10

263 1288 305 1321 15

260 1610 306 1645 20

916 282 1151 316 —4-

331 390 462 440 surgit
490 403 536 428 ac
565 391 811 438 demergitur
839 390 896 426 ita
923 387 1112 426 recedere
1141 392 1262 436 atque
1290 388 1510 427 adventare
1543 390 1734 440 comperi-

330 468 430 492 mus.
490 454 592 492 Unde
635 453 785 491 Solinus
827 454 936 490 ait21
979 452 1200 489 Dubitatur
1239 451 1468 490 etiamnunc
1505 454 1651 501 quibus
1686 467 1735 491 ex

331 518 464 556 causis
494 517 736 554 intumescat
763 516 829 554 vel
857 516 1068 565 quatinus,
1108 528 1198 553 cum
1226 515 1455 566 superfluus
1490 516 1567 554 sibi
1600 516 1734 566 fuerit,

330 593 473 619 rursus
503 580 544 617 in
573 593 616 618 se
636 579 801 618 residat.
848 579 935 618 Nec
964 578 1005 616 in
1035 579 1206 616 obscuro
1236 583 1308 628 est,
1337 578 1452 629 plura
1471 592 1543 629 pro
1562 579 1737 628 ingeniis

331 644 619 682 disserentium
647 644 782 693 potius
812 656 933 692 quam
960 656 1032 693 pro
1062 642 1247 681 veritatis
1280 642 1359 680 fide
1393 656 1597 692 expressa.
1656 643 1736 681 Sed

331 707 478 746 omisso
500 707 667 756 ancipiti
687 707 1012 744 concurrentium
1040 706 1298 757 questionum
1320 706 1393 743 has
1414 706 1624 756 opiniones
1644 719 1734 756 pro-

332 772 562 810 batissimas
598 771 845 809 invenimus:
888 770 1043 809 Phisici
1079 770 1212 819 aiunt,
1248 770 1443 807 mundum
1470 770 1618 807 animal
1647 782 1736 808 esse

332 849 501 884 eumque
544 849 593 873 ex
634 835 758 874 variis
810 835 1125 874 aelementorum
1174 834 1410 884 corporibus
1456 834 1737 883 conglobatum

331 900 483 937 moveri
512 899 660 949 spiritu
701 904 886 950 regente;
930 912 1031 947 quae
1066 903 1236 947 utraque
1272 897 1421 936 diffusa
1448 911 1522 948 per
1558 898 1737 935 membra

332 963 463 1001 omnia
493 969 681 1002 aeternae
705 964 822 1002 molis
851 964 1031 1012 vigorem
1060 968 1290 1011 exerceant;
1322 963 1428 1000 sicut
1456 976 1552 1011 ergo
1581 962 1622 999 in
1652 975 1736 1000 cor-

330 1027 498 1077 poribus
527 1027 679 1066 nostris
722 1028 959 1066 commercia
995 1033 1092 1065 sunt
1120 1027 1337 1076 spiritalia,
1368 1027 1425 1064 ita
1452 1026 1494 1063 in
1522 1025 1736 1076 profundis

332 1091 479 1129 oceani
501 1105 620 1130 nares
654 1092 849 1140 quasdam
883 1091 1021 1129 mundi
1055 1090 1315 1137 constitutas,
1349 1104 1421 1141 per
1462 1103 1562 1138 quas
1598 1088 1735 1127 emissi

331 1155 533 1194 anhelitus
573 1156 638 1194 vel
674 1156 832 1194 reducti
869 1156 987 1194 modo
1027 1155 1173 1194 efflent
1211 1155 1336 1193 maria
1373 1155 1491 1192 modo
1533 1159 1735 1191 revocent.

334 1220 388 1257 At
417 1220 458 1257 hi
479 1220 549 1268 qui
578 1219 757 1258 siderum
786 1224 979 1258 secuntur
1008 1219 1273 1269 disciplinam,
1305 1218 1555 1257 contendunt
1582 1222 1738 1255 meatus

332 1282 433 1321 istos
475 1284 717 1322 commoveri
758 1283 876 1321 lunae
920 1283 1105 1321 cursibus
1140 1283 1238 1320 adeo
1268 1287 1314 1319 ut
1341 1282 1401 1320 sic
1435 1280 1738 1319 vicissitudines

332 1347 437 1384 inter
466 1347 633 1385 maciem
661 1360 855 1395 aquarum
886 1351 925 1384 et
951 1346 1246 1396 plenitudinem
1274 1344 1495 1395 respiciant
1513 1344 1564 1382 ad
1594 1350 1737 1382 auctus

333 1410 419 1448 eius
450 1412 514 1449 vel
543 1412 702 1460 eliquia.
759 1411 900 1460 Neque
929 1412 1069 1449 eodem
1099 1423 1258 1461 semper
1285 1416 1480 1461 tempore,
1519 1409 1590 1448 sed
1618 1414 1738 1460 prout

333 1474 401 1511 illa
421 1481 490 1512 aut
518 1480 724 1524 mergatur
752 1480 822 1512 aut
841 1483 994 1524 surgat,
1025 1475 1184 1512 variant
1203 1487 1246 1512 se
1267 1475 1514 1512 alternantes
1534 1485 1735 1511 recursus.

334 1538 413 1577 Sed
433 1541 448 1566 '2
479 1540 554 1577 hoc
574 1539 662 1577 Deo
693 1539 769 1577 soli
799 1539 1006 1588 cognitum
1035 1545 1109 1588 est,
1140 1539 1254 1577 cuius
1284 1543 1324 1577 et
1352 1552 1453 1589 opus
1481 1538 1656 1576 mundus
1676 1543 1739 1576 est

333 1604 489 1653 solique
520 1604 650 1642 omnis
679 1604 819 1641 mundi
847 1604 949 1641 ratio
977 1610 1073 1641 nota
1102 1608 1176 1644 est.

474 1728 536 1783 [4]
571 1729 728 1777 Quibus
759 1740 871 1771 mare
903 1740 1096 1771 oceanum
1128 1729 1315 1770 sortitur
1346 1728 1594 1770 nominibus.

438 1821 573 1858 Huius
592 1822 606 1847 3
645 1826 780 1859 autem
817 1821 956 1859 oceani
990 1820 1226 1869 magnitudo
1257 1818 1582 1870 incomparabilis
1612 1824 1651 1856 et
1679 1819 1737 1856 in-

333 1885 633 1923 transmeabilis
653 1885 824 1923 latitudo
845 1885 1081 1935 perhibetur
1101 1884 1251 1933 quique
1270 1897 1293 1922 a
1311 1884 1526 1922 litoribus4
1547 1883 1632 1921 suis
1652 1883 1738 1921 sive

442 2009 459 2044 1
493 2007 747 2057 conperimus
777 2007 865 2046 Mel.
902 2008 992 2059 (A2)
1066 2008 1090 2044 3
1120 2012 1318 2055 quatenus
1355 2005 1431 2043 Sol.
1506 2006 1531 2042 4
1561 2018 1592 2042 c.
1629 2004 1735 2057 ne[c]

335 2072 358 2109 6
389 2086 420 2110 c.
451 2072 774 2124 probatissim[as
811 2071 1056 2123 invenimus]
1140 2073 1164 2109 9
1199 2070 1286 2120 regi
1320 2075 1454 2108 mente
1489 2069 1565 2108 Sol.
1611 2070 1661 2120 (L
1678 2070 1730 2119 G)

335 2173 358 2209 9
389 2185 420 2209 c.
444 2171 651 2223 membr[a]
712 2173 762 2208 14
790 2176 1016 2220 sequuntur
1036 2170 1113 2208 Sol.
1153 2184 1184 2207 c.
1214 2142 1368 2207 meatds
1389 2169 1439 2207 M
1491 2170 1538 2207 19
1567 2169 1643 2207 hoc
1664 2168 1739 2206 soli

337 2236 410 2274 deo
441 2236 531 2274 Isid.
602 2237 650 2273 21
682 2250 714 2275 c.
745 2235 895 2283 QVOD
924 2235 1084 2273 VARII
1113 2248 1121 2256 ·
1153 2233 1358 2280 QVIBVS
1387 2234 1546 2271 MARE
1577 2232 1739 2271 OCEA-

336 2300 456 2338 NVM
488 2309 570 2349 ‹·1(‚·.;
614 2302 724 2340 verba
756 2300 862 2349 quod
892 2300 995 2338 varii
1024 2300 1178 2338 delenda
1209 2312 1282 2337 esse
1319 2306 1436 2348 Imm,-
1481 2306 1545 2335 (tut
1575 2299 1740 2335 auctoris

336 2373 400 2402 (ιιιΙ
423 2366 573 2402 librarii
594 2367 725 2403 mendo
756 2367 907 2403 ineram.
937 2371 1166 2407 manserunt,
1197 2364 1271 2401 nisi
1297 2363 1394 2411 forle
1424 2375 1543 2400 censes
1563 2363 1619 2399 his
1640 2362 1738 2399 illum

338 2430 480 2467 daz-isse
511 2431 769 2479 subsequentia
802 2431 993 2467 rariorum
1022 2442 1057 2467 se
1085 2429 1314 2478 excerpsisse
1344 2434 1539 2465 aucturum
1580 2427 1742 2476 scriptis.

436 2577 447 2603 ¹
473 2578 605 2620 XXIII,
633 2578 781 2610 19—22.
855 2578 871 2602 2
896 2577 961 2610 Sed
988 2597 1028 2601 —
1055 2583 1134 2609 nota
1159 2583 1204 2608 est
1237 2588 1281 2609 ex
1310 2575 1395 2609 Isid.
1422 2575 1465 2607 dc
1494 2584 1558 2607 rer.
1588 2576 1658 2607 nat.
1686 2574 1742 2606 40.

337 2637 353 2661 :3
380 2636 490 2668 Huius
517 2655 561 2660 —
587 2635 771 2677 perhibetur
797 2647 842 2668 ex
871 2636 954 2669 Isid.
984 2636 1032 2670 ib.
1059 2637 1113 2669 40.
1164 2635 1177 2661 4
1205 2647 1225 2667 a
1251 2633 1401 2667 litoribus
1422 2652 1460 2657 -
1483 2631 1673 2665 Gaditanus
1698 2642 1740 2664 ex

339 2694 424 2727 Isid.
453 2695 570 2738 origg.
600 2694 692 2736 XIII,
724 2695 779 2736 15,
805 2694 825 2725 2
853 2699 884 2726 vt
913 2694 984 2728 Sol.
1014 2694 1145 2735 XXIII,
1174 2695 1230 2726 17.
