1916 3254
265 978 308 1008 10

264 1296 306 1329 15

199 1939 308 1971 ‘25

909 287 1168 323 βω.-

439 399 695 438 Adriaticum
737 398 786 435 ab
828 396 1013 445 Adria31
1055 408 1149 433 nam
1189 395 1317 433 Adria
1360 396 1557 444 quaedam
1597 396 1742 434 civitas

333 464 484 502 Illirico
513 463 614 500 mari
641 460 821 511 proxima
850 459 940 509 fuit,
972 471 1074 507 quae
1093 458 1302 496 Adriatico
1322 459 1423 496 mari
1449 471 1595 498 nomen
1617 458 1740 497 dedit.

439 527 477 563 A
506 525 707 575 positione
743 522 861 571 caeli,
881 522 898 549 2
937 526 983 559 ut
1019 521 1220 572 Superum
1256 526 1297 559 et
1332 521 1511 559 Inferum
1546 521 1653 571 quod
1688 522 1743 559 sit

334 590 467 629 oriens
497 588 679 638 superior
707 593 746 625 et
776 585 1172 624 occidens-inferior.
1229 585 1306 623 Est
1334 589 1468 623 autem
1496 585 1675 624 Tuscum
1703 590 1743 623 et

334 653 601 691 Adriaticum.

438 718 476 753 A
503 715 695 753 memoria
723 713 846 762 regis,
875 718 921 751 ut
948 713 1119 751 Ionium.
1139 714 1154 739 3
1191 713 1237 749 Io
1268 711 1418 761 quippe
1445 725 1516 750 rex
1543 711 1622 750 fuit
1642 712 1741 750 Gre-

333 781 425 829 tiae,
456 780 564 817 unde
592 779 714 816 Iones
733 776 1025 825 Athenienses3
1056 776 1133 814 hoc
1152 789 1261 813 mare
1283 780 1323 813 et
1342 775 1568 824 Tyrrenum
1589 775 1742 813 dictum

333 845 419 882 sive
449 843 556 892 quod
585 841 775 880 Tusciam
803 841 920 878 alluit
947 840 990 878 id
1019 846 1081 879 est
1110 840 1360 890 Tyn-eniam,
1389 839 1476 876 sive
1505 852 1528 876 a
1548 839 1743 888 Tyrrenis

333 908 468 946 nautis
505 907 573 956 qui
601 919 645 944 se
674 906 715 944 in
743 905 820 944 hoc
854 918 964 942 mare
997 904 1380 954 praecipitaverunt.
1435 903 1490 939 Et
1519 902 1741 951 sciendum,

331 972 490 1010 Ionium
531 970 665 1009 sinum
703 983 793 1008 esse
828 969 1055 1006 inmensum
1091 968 1140 1005 ab
1169 968 1284 1005 Ionia
1313 980 1443 1015 usque
1471 966 1523 1004 ad
1551 966 1741 1015 Siciliam,

334 1041 373 1073 et
401 1034 523 1072 huius
558 1038 695 1084 partes
732 1046 823 1071 esse
851 1033 1106 1070 Adriaticum
1134 1032 1358 1070 Achaicum
1395 1037 1435 1069 et
1463 1030 1741 1081 Epyroticum.

437 1100 475 1136 A
497 1098 684 1137 casibus4
713 1097 932 1147 hominum,
963 1096 1031 1144 qui
1060 1095 1299 1134 deciderunt
1326 1095 1367 1133 in
1395 1096 1496 1133 mari
1515 1102 1561 1132 ut
1580 1094 1739 1132 Helles-

332 1168 519 1214 pontum,
549 1162 753 1211 Ycarium,
781 1161 1004 1210 Myrteum3
1042 1173 1135 1198 nam
1161 1160 1367 1210 Myrtoum
1396 1173 1506 1198 mare
1535 1159 1687 1196 dictum
1720 1171 1743 1195 a

332 1227 504 1277 Myrtilli
522 1227 650 1276 lapsu,
674 1225 780 1273 quod
801 1225 884 1262 illic
905 1221 953 1261 ab
974 1224 1157 1261 Euomao
1179 1223 1470 1273 praecipitatus
1490 1222 1554 1260 sit.
1583 1221 1741 1260 Icarius

332 1305 428 1330 vero
459 1289 677 1339 Cretensis,
709 1294 754 1326 ut
780 1288 917 1339 fabule
946 1287 1094 1336 ferunt,
1126 1287 1269 1324 altiora
1298 1292 1442 1336 petens
1469 1286 1616 1336 pennis
1644 1286 1742 1324 solis

333 1356 463 1394 calore
493 1355 651 1403 solutis,
680 1352 782 1390 mari
810 1352 851 1389 in
881 1351 989 1400 quod
1017 1351 1173 1400 cecidit,
1203 1363 1350 1388 nomen
1377 1350 1571 1401 inposuit.

438 1418 587 1455 Frixus
617 1430 776 1466 quoque
806 1429 896 1454 cum
924 1414 1045 1452 Helle
1080 1427 1218 1452 sorore
1253 1427 1327 1451 sua
1369 1414 1531 1463 fugiens
1572 1413 1743 1451 insidias

333 1483 568 1521 novercales
598 1479 835 1519 conscendit
870 1492 1015 1517 navem
1043 1478 1206 1527 signum
1235 1477 1373 1516 arietis
1401 1478 1628 1527 habentem,
1665 1491 1743 1526 qua

332 1548 527 1586 liberatus
557 1555 629 1585 est.
671 1546 813 1584 Helles
843 1550 977 1583 autem
1006 1558 1121 1583 soror
1150 1543 1237 1582 eius
1267 1556 1459 1595 perpessa
1486 1543 1743 1592 naufragium

334 1611 485 1650 decidit
520 1611 563 1648 in
598 1624 708 1648 mare
744 1614 783 1647 et
818 1614 975 1647 mortua
1004 1608 1270 1658 Hellesponto
1307 1608 1408 1645 mari
1443 1620 1590 1645 nomen
1619 1607 1741 1645 dedit.

437 1675 502 1714 Ab
522 1676 537 1702 5
567 1674 706 1712 ordine
734 1673 894 1712 fluenti:
925 1673 1157 1722 Propontis,
1188 1672 1341 1709 dictum
1370 1671 1532 1720 quidem
1557 1671 1739 1721 Propon-

332 1747 418 1778 tum
447 1739 541 1788 quia
568 1744 738 1789 pontum
766 1738 965 1790 prevenit.
1022 1737 1137 1775 Idem
1166 1741 1206 1775 et
1234 1751 1257 1774 a
1284 1737 1460 1774 transitu
1488 1742 1528 1774 et
1557 1736 1740 1785 angustis

333 1804 533 1842 meatibus
562 1804 683 1841 boum
713 1802 930 1851 Bosforos;
974 1803 1017 1840 (Ie
1046 1803 1114 1840 hoc
1144 1803 1243 1839 mari
1271 1802 1424 1851 loquens
1451 1799 1606 1839 Solinus
1636 1801 1740 1838 ailzss

335 1882 457 1917 quum
486 1869 527 1905 in
556 1867 737 1906 Ponticis
765 1867 887 1906 rebus
916 1880 1067 1915 sumus,
1103 1879 1184 1905 non
1213 1866 1290 1904 erit
1319 1865 1596 1914 omittendum,
1633 1864 1740 1902 unde

334 1933 627 1971 mediterranea
659 1932 783 1969 maria
813 1935 934 1981 caput
962 1931 1117 1969 tollant.
1151 1930 1400 1968 Existimant
1429 1929 1535 1968 enim
1565 1927 1739 1977 quidam,

334 1998 448 2036 sinus
477 1998 579 2035 istos
609 2010 631 2033 a
652 1995 854 2034 Gaditano
883 1995 992 2033 fretu
1020 1994 1133 2033 nasci
1161 2007 1235 2032 nec
1265 1994 1384 2032 aliam
1414 2007 1503 2032 esse
1532 1992 1739 2042 originem,

335 2075 455 2110 quam
484 2060 631 2109 eliquia
660 2060 929 2110 inrumpentis
959 2058 1109 2106 oceani,
1150 2058 1264 2096 cuius
1293 2057 1441 2108 spiritu
1476 2057 1739 2107 pervadente,

443 2255 461 2290 1
509 2267 539 2291 c.
571 2219 777 2290 adriatcum
806 2251 855 2289 M
924 2251 946 2288 7
990 2264 1022 2289 c.
1060 2250 1341 2289 aethenienses
1413 2250 1438 2286 S
1482 2263 1513 2286 ο.
1551 2214 1651 2286 aluit
1679 2247 1744 2286 Μ)

338 2319 384 2354 12
427 2316 660 2355 ceciderunt
703 2317 750 2354 al.
796 2315 1033 2353 deciderunt
1077 2314 1165 2352 [sid.
1262 2327 1371 2351 mare
1414 2315 1461 2351 al.
1505 2313 1606 2350 mari
1647 2312 1740 2350 Jsid.

338 2383 386 2418 14
428 2381 569 2419 Icarus
605 2381 696 2418 Isia.
767 2381 815 2416 21
855 2392 947 2417 nam
991 2378 1096 2416 dicta
1133 2378 1352 2429 Propontis
1388 2378 1478 2415 Isid.
1552 2377 1603 2414 9.ss
1636 2375 1742 2414 freto

335 2445 411 2484 Sol.
443 2446 506 2495 (S)

434 2580 443 2606 1
471 2590 513 2613 ex
541 2579 627 2613 Isid.
655 2580 704 2613 ib.
730 2579 828 2620 XIII,
861 2579 918 2621 16,
945 2579 975 2612 6.
1040 2577 1055 2603 2
1082 2589 1125 2611 ex
1154 2578 1238 2611 Isid.
1266 2578 1313 2611 ib.
1342 2577 1440 2620 XIII,
1470 2577 1529 2620 16,
1555 2577 1586 2610 7.
1652 2575 1668 2600 3
1693 2585 1738 2608 ex

335 2638 417 2672 Isid.
447 2640 494 2672 ib.
523 2639 619 2680 XIII,
644 2638 701 2678 16Ἰ
728 2638 758 2671 ’7.
833 2637 846 2663 4
874 2648 916 2669 cx
947 2636 1028 2669 lsid.
1068 2638 1115 2669 ih.
1144 2636 1240 2678 Xlll,
1272 2637 1325 2678 16,
1351 2635 1384 2669 8.
1458 2635 1473 2661 5
1499 2645 1544 2667 ex
1571 2634 1656 2668 Isid.
1683 2633 1732 2667 ib.

337 2697 434 2740 XIII,
461 2698 518 2738 113,
544 2697 575 2731 9.
627 2696 641 2721 *3
668 2696 800 2738 XVIII,
828 2696 858 2728 1.
