1916 3254
797 279 1026 313 -5-

210 401 233 425 a
260 387 453 438 proximis
494 387 729 437 regionibus
772 387 932 426 diversa
974 387 1169 425 vocabula
1210 387 1394 436 sumpsit.
1449 386 1610 424 Dicitur

210 451 388 500 LibicuS,
408 452 650 502 Aegyptius,
679 451 857 500 Indicus,
888 451 1090 499 Persicus,
1111 450 1320 499 Arabicus,
1350 450 1473 498 Eous,
1504 449 1608 488 Seri-

212 528 294 564 cus,
337 516 552 564 Hircanus‚
597 515 778 565 Caspius,
823 514 1042 561 Scitfficus,
1087 514 1372 562 Germanicus,
1415 513 1608 562 Gallicus

211 578 463 628 Adlanticus,
504 579 740 617 Gaditanus.
796 579 975 628 Libycus
1004 591 1026 615 a
1055 578 1195 628 Lybia,
1223 580 1231 604 ¹
1266 590 1367 626 quae
1402 578 1459 614 ita
1489 577 1607 626 dicta,

213 643 319 691 quod
348 643 439 692 lybs
469 644 510 680 in
539 657 584 681 ea
611 642 694 691 flat,
726 643 766 680 id
802 647 865 680 est
891 641 1069 680 Africus.
1124 642 1207 679 Alii
1243 641 1356 679 aiunt
1383 641 1607 691 Epaphum,

211 707 323 745 Iovis
351 706 488 755 filium,
520 707 588 754 qui
607 706 826 755 Memphim
854 706 895 742 in
915 708 1104 754 Aegypto
1135 705 1325 754 condidit,
1356 718 1404 742 ex
1426 704 1610 742 Cassiota

212 784 336 808 uxore
355 783 588 821 procreasse
607 769 731 806 filiam
746 769 928 818 Lybiam,
950 782 1051 816 quae
1071 773 1212 818 postea
1227 769 1268 806 in
1283 769 1421 806 Afric-a
1441 781 1611 817 regnum

213 834 411 884 possedit3
442 833 555 871 cuius
585 846 633 870 ex
660 833 820 870 nomine
848 837 955 869 terra
983 832 1114 880 Lybia
1143 837 1205 869 est
1234 833 1445 882 appellata.
1502 831 1609 869 Afri-

213 911 300 935 cam
340 902 473 934 autem
515 896 760 934 nominatam
803 895 965 944 quidam
1007 895 1152 933 exinde
1194 897 1445 945 existimant,
1497 895 1611 944 quasi

212 961 403 1010 apricam,
443 960 550 1008 quod
578 959 632 997 sit
660 964 799 1008 aperta
829 959 936 997 caelo
965 958 1032 996 vel
1060 959 1136 996 soli
1164 965 1204 996 et
1232 959 1319 997 sine
1347 960 1513 997 horrore
1542 959 1610 996 fri-

212 1024 332 1072 goris.
389 1023 473 1060 Alii
502 1023 657 1072 dicunt,
702 1023 880 1060 Africam
924 1022 1117 1072 appellari
1153 1023 1201 1060 ab
1237 1036 1316 1060 uno
1347 1036 1395 1060 ex
1436 1022 1611 1072 posteris

211 1087 399 1126 Abrahae
427 1088 477 1125 de
506 1087 718 1135 Caethura,
749 1087 818 1135 qui
846 1090 1013 1124 vocatus
1044 1092 1106 1124 est
1133 1086 1245 1124 Afer.
1302 1085 1530 1136 Aegyptius
1562 1086 1610 1123 ab

210 1154 418 1201 Aegyth
447 1152 662 1202 Aegyptus
679 1152 695 1178 ‘2
723 1156 858 1188 autem
885 1151 934 1188 ab
954 1152 1143 1199 Aegypto
1164 1150 1295 1188 Danai
1323 1151 1458 1188 fratre.
1498 1150 1612 1188 Duae

212 1223 307 1252 sunt
335 1220 468 1252 autem
485 1215 677 1265 Aegypti,
709 1215 890 1264 superior
911 1220 949 1251 et
969 1213 1145 1252 inferior.
1184 1215 1399 1263 Aegyptus
1412 1216 1426 1240 3
1447 1214 1613 1251 inferior

213 1279 262 1316 ab
293 1279 445 1317 oriente
474 1280 595 1317 habet
624 1279 784 1329 Syriam
813 1285 852 1317 et
880 1278 1138 1316 Palestinam.
1176 1279 1225 1316 ab
1255 1292 1398 1316 occasu
1428 1279 1610 1329 Lybiam,

213 1355 235 1379 a
263 1343 536 1392 septentrione
563 1356 672 1380 mare
699 1350 895 1390 nostrum,
926 1356 948 1379 a
976 1343 1142 1380 meridie
1172 1348 1358 1390 montem,
1391 1343 1458 1390 qui
1479 1342 1611 1392 appe]-

212 1406 318 1443 latur
355 1405 520 1445 Climax.
576 1408 791 1457 Aegyptus
834 1406 1015 1456 superior
1056 1407 1097 1444 in
1140 1407 1293 1445 oriente
1334 1420 1407 1456 per
1448 1407 1613 1454 longum

214 1469 452 1518 extenditur,
484 1469 548 1507 cui
577 1475 639 1507 est
667 1484 689 1507 a
717 1470 991 1520 septentrione
1021 1470 1133 1507 sinus
1153 1470 1366 1517 Arabicus,
1397 1483 1417 1507 a
1448 1470 1613 1507 meridie

215 1545 406 1581 oceanus,
449 1547 541 1571 nam
569 1535 617 1571 ab
647 1547 791 1572 occasu
827 1547 875 1571 ex
908 1533 1098 1571 inferiore
1133 1535 1323 1583 Aegypto
1362 1534 1519 1584 incipit,
1564 1533 1612 1570 ab

216 1596 368 1634 oriente
387 1596 526 1635 Rubro
556 1597 656 1635 mari
684 1598 932 1636 terminatur.
980 1597 1145 1634 Indicus
1175 1598 1223 1634 ab
1252 1597 1377 1645 India,
1398 1599 1412 1623 ⁴⁷
1443 1610 1543 1646 quae
1564 1597 1612 1634 ab

215 1659 318 1696 Indo
346 1659 509 1698 flumine
537 1660 593 1698 ita
623 1667 774 1710 vocata,
807 1674 884 1709 quo
915 1668 1096 1710 exparte
1133 1661 1370 1698 occidentali
1400 1661 1612 1698 clauditur.

216 1723 328 1761 Haec
355 1737 378 1760 a
406 1724 624 1763 meridiano
653 1725 753 1762 mari
780 1730 965 1775 porrecta
1000 1737 1128 1772 usque
1157 1724 1207 1762 ad
1238 1735 1367 1762 ortum
1398 1725 1494 1763 solis
1523 1730 1562 1762 et
1591 1738 1614 1762 a

217 1788 491 1836 septentrione
519 1801 647 1837 usque
673 1788 725 1825 ad
744 1795 920 1826 montem
942 1787 1165 1826 Caucasum
1187 1788 1385 1837 pervenit.
1423 1789 1613 1826 Persicus

217 1863 238 1887 a
259 1850 437 1900 Persia,5
466 1865 566 1900 quae
595 1866 616 1889 a
646 1852 766 1890 Perso
795 1865 890 1901 rege
919 1852 1209 1901 cognominata,
1240 1853 1307 1900 qui
1337 1866 1422 1890 eam
1452 1851 1613 1902 provin-

320 2021 344 2057 3
374 2033 405 2058 c.
435 2020 630 2059 schiticus
658 2035 757 2060 corr.
787 2022 981 2060 scithicus
1036 2023 1059 2059 Ξ)
1089 2022 1183 2060 inde
1212 2021 1281 2059 flat
1311 2022 1400 2060 Isid.
1457 2022 1532 2060 hoc
1552 2028 1614 2060 est

216 2119 305 2157 lsid.
388 2120 411 2157 6
454 2119 648 2171 Cassiopa
683 2121 772 2159 Ise'd.
854 2122 877 2159 9
919 2121 1013 2159 inde
1050 2121 1139 2158 [sid.
1224 2123 1273 2159 10
1316 2135 1345 2159 c.
1370 2087 1519 2159 horrore
1556 2121 1610 2159 Μ.

218 2220 265 2256 12
295 2232 326 2257 c.
356 2185 570 2261 decaethura
598 2220 654 2258 Μ.
738 2222 786 2259 13
816 2234 847 2259 c.
876 2220 1032 2273 frat[re]
1119 2222 1167 2258 14
1196 2221 1469 2258 Palaestinam
1499 2221 1610 2259 Oros.

218 2282 369 2333 (PRSB)
454 2284 500 2320 17
540 2284 735 2322 orientem
773 2284 885 2322 Oros.
972 2286 1018 2321 19
1055 2285 1104 2322 ad
1142 2285 1334 2323 orientem
1372 2284 1482 2321 Oros.
1529 2284 1610 2335 (ΕΒ.)

217 2347 268 2382 24
296 2346 445 2385 Perseo
476 2347 565 2385 Isia.

315 2503 454 2547 lLybia
480 2524 522 2528 —
556 2511 688 2537 meatus
725 2512 769 2538 est
808 2507 890 2548 Afer
928 2518 973 2539 ex
1014 2508 1096 2540 Isid.
1134 2508 1250 2552 origg.
1286 2507 1386 2549 XIV,
1427 2512 1464 2541 5.
1505 2511 1536 2542 1.
1578 2510 1610 2542 2.

217 2560 234 2588 2
263 2563 425 2605 Aeyyptus
450 2582 491 2586 —
511 2562 625 2605 fratre
650 2574 695 2595 ex
719 2564 806 2598 Isid.
832 2566 880 2598 ib.
906 2565 1001 2608 XIV,
1027 2566 1059 2604 3,
1086 2566 1142 2599 27.
1201 2566 1215 2591 3
1240 2566 1406 2608 Aeyyptus
1431 2586 1475 2591 —-
1502 2568 1610 2598 termi—

214 2628 314 2653 natur
339 2632 383 2653 ex
411 2621 511 2655 Oros.
539 2622 621 2655 hist.
640 2622 668 2665 I,
692 2622 726 2656 2.
776 2622 791 2648 4
816 2622 914 2655 India
937 2627 1137 2665 —pervenit
1163 2635 1208 2656 ex
1235 2623 1317 2657 [sid.
1344 2625 1392 2658 ib.
1413 2625 1507 2666 XIV,
1526 2625 1557 2658 3
1579 2627 1608 2657 5.

216 2680 231 2706 5
258 2680 374 2712 Persia
402 2699 442 2704 —
469 2679 654 2712 adnectitur
680 2691 723 2712 ex
750 2681 836 2714 Isid.
860 2681 910 2714 ib.
942 2681 1034 2724 XIV,
1063 2682 1094 2714 3.
1124 2682 1272 2715 11—12.

1636 960 1681 993 10

1637 1281 1681 1313 15

1637 1597 1684 1630 20
