1916 3254
242 1328 286 1360 15

242 1650 289 1684 20

312 425 354 463 in
394 424 641 475 profundum
682 430 721 462 et
756 437 799 463 se
834 425 1064 474 gurgitibus
1106 427 1154 464 ab
1197 433 1311 465 aestu
1353 427 1572 465 vindicant.
1616 428 1713 465 huic

313 494 446 526 tamen
482 488 757 538 providentiae
799 494 910 527 aetas
951 489 1183 539 opitulatur,
1225 503 1317 527 nam
1360 490 1509 528 candor
1550 497 1715 529 senecta

313 552 484 602 disperit
511 558 551 590 et
586 552 946 601 grandescentibus
981 554 1145 592 conchis
1181 553 1363 592 flavescit
1397 555 1625 603 margarita.
1672 555 1714 592 in

313 629 416 664 aqua
450 616 583 655 mollis
622 621 685 654 est
718 616 831 664 unio,
875 616 1053 655 durescit
1088 624 1308 668 exemptus.
1364 617 1593 666 Numquam
1634 618 1714 655 duo

313 680 433 717 simul
472 680 774 730 repperiuntur,
817 680 910 718 inde
950 680 1167 719 unionibus
1201 694 1346 719 nomen
1389 681 1538 718 datum.
1597 681 1715 719 Ultra

312 744 575 782 semunciales
616 744 803 783 inventos
844 750 1004 794 negant.
1070 745 1318 783 Piscantium
1360 744 1529 783 insidias
1571 745 1716 783 timent

313 808 463 853 conche
500 808 606 846 unde
642 813 704 847 est
739 814 784 847 ut
821 814 889 846 aut
922 809 1028 847 inter
1065 809 1253 859 scopulos
1290 813 1359 846 aut
1395 808 1500 847 inter
1536 808 1715 846 marinos

312 885 431 910 canes
451 872 665 922 plurimum
694 873 950 922 delitescant3
980 875 1178 922 gregatim
1199 879 1353 921 natant,
1385 878 1520 911 certus
1541 873 1716 911 examini

312 936 393 974 dux
422 942 502 975 est:
538 937 612 975 Illa
640 938 674 975 si
703 942 819 988 capta
855 938 927 986 sit,
964 938 1083 976 etiam
1111 951 1212 986 quae
1242 937 1464 985 evaserint,
1502 937 1541 973 in
1570 936 1716 985 plagas

311 1006 583 1039 revertuntur.

416 1065 499 1102 Dat
518 1072 558 1103 et
575 1065 695 1103 India
721 1066 970 1114 margaritas,
1001 1065 1070 1103 dat
1099 1070 1138 1103 et
1165 1065 1262 1103 litus
1290 1064 1575 1112 Brittanicum,
1612 1063 1718 1102 sicut

310 1128 442 1166 Divus
471 1129 601 1167 Iulius
631 1134 806 1167 toracem
835 1143 951 1178 quem
981 1130 1130 1167 Veneri
1150 1129 1358 1167 Genetrici
1385 1129 1427 1166 in
1455 1128 1605 1178 templo
1630 1128 1717 1166 eius

313 1193 475 1242 dicavit,
491 1206 540 1231 ex
553 1193 819 1231 Brittannicis
840 1193 1068 1241 margaritis
1083 1193 1234 1230 factum
1256 1193 1435 1230 subiecta
1450 1192 1717 1242 inscriptione

312 1258 485 1308 intelligi
526 1259 665 1296 voluit.
720 1258 827 1296 Illud
871 1271 1028 1306 quoque
1071 1257 1294 1307 expraessit
1335 1264 1453 1294 vetus
1495 1256 1717 1305 diligentia,

313 1324 420 1373 quod
473 1323 650 1373 Syllanis
703 1323 875 1372 primum
927 1321 1176 1371 temporibus
1229 1320 1398 1358 Romam
1452 1320 1567 1357 inlati
1622 1325 1719 1357 sunt

312 1389 494 1427 uniones.

417 1452 544 1490 Item¹
575 1450 702 1500 Cryse
731 1456 770 1488 et
798 1451 958 1500 Argyre
994 1449 1148 1487 insulae
1183 1449 1321 1487 Indiae
1350 1448 1391 1485 in
1422 1460 1570 1486 oceano
1601 1448 1716 1496 sitae,

314 1517 413 1554 adeo
447 1515 645 1553 fecundae
680 1514 794 1565 copia
830 1514 1100 1562 metallorum,
1144 1519 1189 1550 ut
1225 1512 1405 1563 plerique
1447 1526 1514 1550 eas
1557 1525 1719 1550 auream

314 1579 568 1630 superficiem
602 1584 642 1617 et
670 1584 901 1628 argenteam
930 1578 1077 1616 habere
1111 1577 1376 1628 prodiderint.
1433 1576 1551 1614 Unde
1581 1581 1620 1614 et
1648 1590 1718 1614 vo-

315 1644 456 1683 cabula
484 1643 651 1690 sortitae
680 1649 786 1682 sunt.

685 1780 776 1834 [14]
812 1781 868 1822 De
901 1779 1054 1822 insulis
1089 1779 1346 1822 Germaniae.

420 1885 556 1923 Habet
597 1897 705 1922 mare
753 1882 1056 1930 Germanicum,
1099 1889 1139 1920 ut
1190 1882 1304 1931 refert
1353 1880 1530 1919 Aethicus
1577 1892 1719 1917 cosmo-

314 1951 493 2001 9raplzm,
511 1950 527 1976 2
555 1949 710 1986 insulas
737 1948 923 1986 Viarcem
952 1955 993 1985 et
1017 1946 1227 1994 Bridinno,
1256 1951 1338 1983 tam
1366 1944 1536 1995 pusillae
1565 1948 1721 1989 stature

316 2014 498 2053 homines
534 2013 786 2051 continentes
820 2016 865 2050 ut
901 2012 952 2049 ad
988 2011 1152 2050 maioris
1189 2010 1350 2048 cubitus
1387 2021 1614 2046 mensuram
1650 2007 1720 2044 vix

272 2094 285 2100 ⁹
316 2078 564 2129 perveniant.
604 2077 786 2127 Populus
805 2075 975 2125 exiguus
995 2076 1045 2114 ad
1065 2075 1217 2112 nullam
1242 2087 1333 2124 pene
1362 2072 1578 2110 utilitatem
1598 2076 1719 2121 aptus

315 2143 382 2181 vel
416 2147 647 2193 prumptus,
683 2141 762 2179 nisi
798 2140 890 2189 quia
926 2139 1204 2177 tantummodo
1239 2137 1341 2175 fiunt
1377 2150 1425 2175 ex
1464 2136 1521 2174 eis
1556 2134 1720 2186 plurimi

318 2208 491 2245 striones
533 2206 720 2257 plumarii
762 2218 807 2243 ac
849 2203 1082 2254 polimitarii
1119 2216 1189 2241 seu
1231 2201 1415 2239 aurifices
1458 2200 1574 2237 fabri.
1630 2199 1720 2237 Hos

317 2272 463 2321 vulgus
497 2283 625 2309 nanos
654 2270 847 2320 appellat,
886 2268 1162 2319 phylosophus
1192 2280 1285 2316 ergo
1316 2274 1347 2303 οἱ
1377 2266 1451 2303 hos
1480 2264 1626 2302 nothos
1655 2263 1721 2301 vel

422 2442 448 2478 4
477 2441 644 2478 duratur
665 2439 740 2477 Sol.
762 2438 838 2488 (H)
893 2438 943 2474 ‘23
973 2450 1004 2476 c.
1035 2405 1169 2482 stature
1200 2435 1249 2473 J!
1271 2434 1417 2486 pusilla
1438 2439 1593 2472 statura
1611 2433 1719 2470 Aello.

319 2507 368 2543 25
396 2518 498 2556 pene
534 2506 629 2542 deest
668 2504 773 2541 Aeth.
856 2502 906 2539 26
941 2501 1019 2539 nisi
1059 2501 1152 2549 quia
1191 2514 1284 2550 quac·
1322 2506 1528 2549 sequuntur
1567 2497 1718 2547 confuso

319 2578 499 2620 excerpta
554 2569 604 2606 28
633 2575 673 2606 et
702 2570 797 2606 dees!
830 2568 935 2605 Aah.

419 2730 426 2754 ¹
455 2740 499 2762 ex
527 2728 598 2761 isid
640 2727 733 2761 XIV.
762 2728 793 2761 6,
821 2726 875 2759 11.
925 2725 941 2751 '2
967 2735 1144 2766 cosmogr.
1172 2724 1217 2760 11,
1243 2724 1276 2758 3.
1305 2725 1336 2758 1.
