1916 3254
886 263 1155 300 ..VI-

321 386 486 422 magnas
515 373 728 423 ampliores
757 373 931 411 minores
960 373 1103 411 nimias
1131 374 1319 412 reddidit.
1375 374 1603 413 Librarium
1632 389 1716 414 sae-

321 435 484 487 pissime
519 436 616 474 falso
650 436 799 485 legisse
833 437 995 474 crebrae
1030 438 1282 486 pergamenti
1313 451 1478 476 rasurae
1506 443 1718 477 testantur.

426 501 587 538 Praeter
621 500 724 538 hanc
758 499 858 538 duas
893 499 992 538 alias
1028 514 1170 539 manus
1207 501 1332 539 codex
1367 501 1529 540 exhibet
1557 502 1717 540 diverso

321 563 523 602 scribendi
559 576 705 612 genere
733 569 892 601 notatas
922 577 1022 612 quae
1050 565 1200 614 partim
1237 565 1546 615 orthographiae
1574 567 1719 616 partim

321 627 544 665 sententiae
573 626 672 664 vitia
701 632 893 665 curarunt
920 627 1116 677 tollenda;
1154 628 1291 667 ambas
1321 629 1480 667 saeculo
1509 629 1630 667 tertio
1659 630 1722 668 de·

320 691 420 728 cimo
449 691 646 729 adscribo.
702 690 887 740 Denique
920 705 1062 730 manus
1098 693 1222 730 multo
1257 693 1457 743 posterior
1491 693 1642 731 saeculi
1675 700 1719 731 ut

319 754 479 792 videtur
508 754 652 793 decimi
681 755 785 792 sexti
814 754 854 792 in
883 756 1064 805 margine
1092 756 1199 794 haud
1229 769 1319 794 raro
1350 756 1631 796 adnotationes
1650 771 1718 808 po-

319 818 411 867 suit,
432 818 604 857 rariores
621 832 739 857 voces
755 819 996 868 nominaque
1012 820 1256 870 appellativa
1276 825 1499 859 atramento
1520 821 1719 859 caeruleo-

320 882 442 920 viridi
472 882 790 921 subterlineavit.

425 946 725 997 Orthographia
752 948 960 998 proprium
990 952 1126 986 servat
1154 949 1298 987 aetatis
1327 962 1457 998 usum„
1493 949 1719 999 promiscue

320 1010 583 1048 inveniuntur
602 1011 841 1049 habundans
863 1016 902 1049 et
922 1011 1144 1061 abundans,
1175 1012 1406 1062 septemtrio
1429 1018 1468 1051 et
1487 1013 1718 1063 septentrio,

319 1074 473 1113 Scithia
493 1080 532 1113 et
553 1074 729 1125 Scilhya,
758 1075 1017 1113 Athlanticus
1039 1081 1078 1113 et
1097 1075 1350 1126 Adlanffious,
1381 1077 1511 1126 Libya
1531 1082 1571 1115 et
1590 1077 1717 1126 Lybia

318 1144 440 1187 atque
475 1138 515 1176 id
550 1152 678 1187 genus
713 1139 802 1177 alia.
858 1139 1031 1177 Nomina
1072 1144 1268 1178 terrarum
1309 1140 1470 1178 urbium
1511 1140 1719 1178 fluminum

320 1202 468 1241 maiore
488 1216 536 1241 ex
563 1208 679 1252 parte
708 1209 896 1253 corrupta
926 1208 1021 1241 sunt
1053 1203 1198 1252 quibus
1227 1205 1405 1255 exceptis
1435 1204 1718 1254 orthographia

320 1280 445 1316 paene
474 1266 675 1304 laudanda
704 1272 775 1305 est.
832 1268 945 1305 Haec
975 1267 1025 1305 de
1055 1268 1264 1318 scriptura.

424 1330 619 1376 Quisnam
653 1330 776 1368 fuerit
811 1336 951 1369 auctor
987 1331 1169 1381 opusculi
1210 1324 1270 1373 ‚GR
1297 1332 1302 1357 ¹
1334 1343 1526 1369 serrorum
1556 1331 1628 1368 Dei
1656 1344 1720 1368 ea·-

318 1395 456 1443 limus,C
503 1398 547 1432 ut
584 1400 646 1432 est
679 1395 720 1431 in
755 1394 1023 1444 praefatione,
1067 1395 1270 1433 nescimus
1307 1394 1400 1443 quia
1434 1394 1592 1432 duobus
1634 1398 1720 1431 tan-

318 1464 400 1494 tum
435 1457 534 1496 locis
582 1458 631 1495 de
667 1471 710 1496 se
751 1459 837 1509 ipse
879 1472 1007 1508 pauca
1047 1458 1144 1496 fecit
1181 1459 1315 1497 verba.
1380 1458 1427 1496 In
1470 1457 1720 1508 praefatione

319 1520 438 1571 primi
468 1521 559 1559 libri
588 1536 631 1560 se
659 1522 838 1561 libellum
874 1523 1149 1573 composuisse
1184 1523 1283 1562 dicit
1312 1524 1450 1567 ,studio
1479 1525 1717 1574 quorundam

317 1587 485 1635 fratrum
521 1588 737 1625 ‹ulmone'tns
766 1618 773 1626 .
806 1615 815 1624 .
847 1617 854 1624 .
885 1589 1150 1639 discipulorum
1195 1589 1391 1626 mitissima
1435 1589 1719 1638 depraecationv

317 1663 490 1689 accensus
521 1682 528 1689 .
559 1680 568 1688 .
599 1680 608 1688 .
649 1665 732 1690 cum
766 1654 893 1691 crebro
933 1654 1051 1703 legens
1090 1654 1182 1690 alios
1212 1654 1430 1691 (locuerimf
1486 1653 1642 1700 Quibus
1672 1667 1719 1691 ex

317 1715 453 1753 verbis
489 1729 578 1753 eum
614 1716 851 1765 magistrum
886 1717 1047 1755 scholae
1083 1716 1124 1754 in
1153 1717 1396 1755 monasterio
1428 1717 1600 1766 quodam
1629 1730 1720 1756 con-

320 1778 485 1817 stitutae
523 1779 650 1818 fuisse
685 1780 825 1829 liquet.
880 1780 983 1818 Tum
1012 1781 1053 1818 in
1083 1780 1249 1819 secundi
1277 1780 1368 1818 libri
1398 1780 1649 1831 praefatione
1677 1794 1720 1819 se

318 1843 495 1893 incipere
531 1843 635 1881 velle
672 1844 770 1882 dicit
807 1845 856 1883 ab
887 1844 1126 1882 occidentali
1154 1845 1274 1894 plaga
1311 1847 1413 1895 ,quia
1442 1848 1483 1883 in
1510 1847 1580 1883 hac
1606 1858 1723 1896 paene

318 1916 621 1945 commoramur!

423 1970 533 2016 Quae
559 1970 591 2008 si
621 1971 756 2009 verbis
786 1971 1004 2010 contuleris
1034 1986 1127 2015 ‚cum
1160 1973 1245 2010 olim!
1275 1974 1420 2022 quidem
1451 1981 1489 2011 u!
1510 1986 1610 2010 >nunc
1630 1971 1719 2011 Gal-

317 2035 452 2073 Mamm
498 2037 612 2073 litora
652 2037 753 2073 mari
790 2049 927 2073 oceano
970 2038 1313 2087 metlilvrranecque
1358 2038 1578 2075 inmnemia
1618 2068 1623 2074 .
1663 2066 1671 2074 .

321 2100 406 2137 dira
435 2098 749 2138 Numannorum
780 2108 1024 2138 vastaremur
1053 2102 1237 2142 saeviliam
1273 2114 1510 2151 persuasum
1540 2100 1613 2138 tibi
1644 2100 1718 2139 erit

318 2167 520 2201 auctorem
549 2163 673 2202 libelli
708 2163 895 2202 Franciae
925 2164 1185 2203 occidentalis
1213 2165 1237 2203 i.
1269 2178 1299 2203 e.
1331 2165 1632 2213 Francogalliae
1661 2165 1719 2201 in-

318 2226 442 2265 colam
473 2227 612 2266 fuisse.
631 2228 647 2254 2
702 2228 813 2274 Quae
842 2229 919 2266 iam
947 2228 1213 2267 Duemmler3
1247 2234 1355 2268 recte
1385 2228 1615 2278 suspicatus
1645 2237 1716 2266 est.

424 2291 565 2341 Neque
598 2304 675 2341 quo
705 2297 883 2343 tempore
913 2293 1150 2342 opusculum
1179 2293 1371 2343 scriptum
1394 2293 1447 2331 sit
1475 2291 1639 2330 difficile
1659 2299 1718 2330 est

416 2450 425 2475 l
451 2451 588 2484 Littera
615 2450 643 2484 G
671 2454 724 2484 est
751 2462 822 2485 non
849 2452 878 2485 Ο
906 2454 946 2484 ut
974 2451 1182 2484 Duemmler
1208 2455 1385 2484 autumat.

412 2509 429 2534 ’ὲ
456 2508 533 2542 Huc
560 2509 696 2542 accedit
729 2509 825 2553 quod
861 2511 897 2542 in
931 2510 1062 2542 ultimo
1089 2509 1221 2543 codicis
1260 2509 1346 2543 solio
1376 2510 1533 2553 legimus
1567 2510 1717 2553 antiqua

319 2578 426 2601 manu
461 2568 636 2611 scriptum
671 2566 751 2600 liber
775 2580 800 2600 s.
826 2567 957 2610 benigni
983 2567 1006 2601 d
1042 2569 1063 2602 i.
1092 2578 1119 2601 o.
1147 2568 1395 2611 Divionensis‚
1430 2569 1564 2612 quibus
1598 2568 1717 2601 verbis

317 2625 473 2659 codicem
502 2627 537 2659 in
565 2625 817 2670 Francogallia
842 2627 1017 2671 scriptum
1044 2637 1119 2659 osse
1145 2629 1303 2670 apparot.

418 2684 433 2709 3
459 2684 480 2717 l.
511 2685 533 2719 Ι.
561 2695 594 2728 p.
622 2684 700 2717 177.
