1916 3254
231 942 276 975 10

228 1258 272 1291 15

226 1580 272 1614 20

176 1874 182 1877 ἢ
226 1901 272 1935 25

877 251 1138 289 -70—

301 359 396 408 fuit3
427 366 468 396 at
488 372 578 397 cum
596 359 767 397 Iudaeae
788 360 907 409 potiti
927 373 1079 410 sumus,
1109 360 1166 399 ita
1184 361 1265 399 luci
1285 362 1343 399 illi
1363 363 1575 412 propagati
1596 369 1702 411 sunt,

301 428 347 461 ut
366 423 445 460 iam
463 423 581 461 nobis
600 423 788 461 latissimi
817 423 940 462 colles
971 424 1119 463 sudent
1145 426 1342 474 balsama;
1373 425 1524 464 similes
1553 427 1704 465 vitibus

303 492 464 537 styrpes
500 486 650 525 habent
685 488 881 526 malleolis
923 488 1113 537 digerunt
1154 490 1298 527 rostris
1334 489 1558 540 nitescunt,
1602 504 1704 540 aqua

302 550 492 600 gaudent,
524 556 660 588 amant
688 551 900 602 amputari,
930 553 1142 592 tenacibus
1170 553 1280 592 foliis
1311 555 1555 604 sempiterno
1575 555 1704 592 inum-

302 615 479 653 brantur.
534 614 709 664 Lignum
745 615 922 655 caudicis
951 621 1209 655 attrectatum
1237 619 1344 655 ferro
1373 631 1448 655 nec
1485 632 1595 656 mora
1624 632 1704 657 mo-

301 678 420 715 ritur:
453 691 498 716 ea
525 684 691 728 propter
719 684 788 717 aut
815 680 921 718 vitro
950 685 1021 718 aut
1049 681 1266 719 cultellulis
1296 682 1436 731 osseis,
1466 681 1599 719 sedin
1619 682 1705 719 sola

302 741 449 780 cortice
479 742 650 780 artificio
688 743 807 793 plaga
840 744 1094 794 vulneratur,
1135 758 1156 782 e
1185 758 1264 793 qua
1292 745 1461 783 eximiae
1490 745 1704 784 suavitatis

300 810 417 853 gutta
444 811 596 851 manat;
626 811 718 856 post
745 807 949 845 lacrimam
970 808 1194 846 secundum
1214 809 1254 846 in
1275 809 1417 858 pretiis
1438 809 1568 848 locum
1587 823 1705 860 poma

302 869 496 918 obtinent,
528 875 667 909 cortex
694 872 868 920 tertium,
899 872 1063 910 ultimos
1091 873 1219 910 bonos
1248 873 1370 921 ligno.

406 933 548 983 Longe
583 935 634 972 ab
662 934 959 987 Hierosolymis
994 949 1159 974 recessu
1197 936 1327 974 tristis
1366 936 1480 974 sinus
1513 936 1706 987 panditur

302 1011 420 1046 quem
449 998 498 1036 de
528 999 637 1037 caelo
672 999 824 1038 factum
859 1004 1033 1038 testatur
1060 1001 1205 1038 humus
1244 1000 1360 1049 nigra
1390 1005 1430 1038 et
1457 1001 1499 1038 in
1529 1000 1705 1039 cinerem

301 1062 442 1099 soluta.
477 1054 558 1100 Ubi
578 1063 657 1101 duo
679 1063 840 1114 oppida,
863 1063 1080 1102 Sodomum
1100 1078 1223 1102 unum
1243 1065 1503 1114 nominatum,
1534 1065 1704 1103 alterum

301 1125 558 1175 Gomorrum,
597 1128 703 1177 apud
743 1141 845 1176 quae
879 1142 1040 1178 pomum
1069 1128 1175 1177 quod
1205 1129 1398 1179 gignitur,
1436 1129 1583 1167 habeat
1610 1129 1703 1167 licet

300 1190 474 1240 speciem
505 1192 763 1241 maturitatis,
793 1191 930 1229 mandi
958 1196 1093 1230 tamen
1113 1205 1193 1229 non
1212 1197 1359 1242 potest,
1381 1206 1472 1230 nam
1492 1193 1704 1242 fuliginem

299 1254 544 1293 intrinsecus
573 1255 816 1293 favillaciam
835 1256 1000 1294 ambitio
1027 1260 1185 1293 tantum
1213 1257 1385 1294 extimae
1406 1257 1510 1294 cutis
1531 1256 1703 1306 cohibet,

300 1332 401 1367 quae
431 1319 496 1356 vel
522 1319 603 1357 levi
631 1333 798 1368 praessa
827 1324 937 1357 tactu
966 1319 1120 1357 fumum
1156 1321 1287 1358 exalat
1317 1326 1356 1358 et
1383 1319 1536 1358 fatiscit
1564 1321 1606 1358 in
1635 1334 1703 1358 va-

298 1396 393 1431 gum
422 1383 639 1432 pulverem.

400 1446 596 1485 interiora
622 1449 629 1474 ¹
658 1448 829 1486 Iudaeae
860 1448 1108 1486 occidentem
1137 1461 1238 1496 quae
1269 1453 1521 1498 contuentur,
1553 1448 1703 1486 Esseni

296 1518 447 1565 tenent,
476 1513 545 1562 qui
573 1514 820 1552 memorabili
852 1513 1065 1565 disciplina
1093 1520 1350 1553 recesserunt
1371 1529 1393 1553 a.
1412 1515 1494 1553 ritu
1523 1515 1705 1564 gentium

297 1576 590 1626 universarum,
621 1578 844 1616 maiestatis
874 1583 918 1616 ut
946 1593 1036 1618 reor
1064 1580 1321 1629 providentia
1341 1580 1391 1617 ad
1419 1580 1526 1617 hunc
1554 1593 1705 1617 morem

298 1640 507 1679 destinati:
537 1642 660 1680 Nulla
687 1642 743 1680 ibi
770 1643 932 1692 femina,
963 1657 1110 1682 venere
1130 1657 1173 1682 se
1193 1645 1379 1694 paenitus
1400 1644 1702 1682 abdicaverunt.

297 1705 507 1755 pecuniam
538 1707 743 1756 nesciunt;
773 1707 918 1758 palmis
947 1708 1153 1750 victitant;
1185 1721 1300 1746 nemo
1323 1707 1378 1746 ibi
1407 1708 1600 1757 nascitur,
1630 1721 1705 1746 nec

297 1778 433 1809 tamen
461 1771 599 1809 deficit
627 1772 833 1810 hominum
861 1772 1096 1822 multitud03
1134 1772 1247 1811 locus
1286 1773 1372 1823 ipse
1407 1771 1594 1810 addictus
1631 1786 1702 1822 pu-

298 1834 444 1873 dicitae
474 1842 552 1884 cst,
590 1841 710 1885 atque
738 1837 899 1887 plurimi
928 1836 1022 1875 licet
1050 1836 1229 1886 undique
1258 1837 1440 1886 gentium
1468 1841 1701 1888 properent,

297 1899 431 1937 nullus
469 1899 712 1949 admittitur,
750 1901 830 1938 nisi
865 1914 982 1949 quem
1019 1900 1219 1939 castitatis
1249 1900 1350 1939 fides
1381 1906 1421 1940 et
1450 1901 1703 1940 innocentiae

297 1964 484 2002 meritum
512 1964 783 2013 prosequitur.
840 1964 945 2002 Nam
980 1965 1048 2014 qui
1086 1978 1179 2003 reus
1215 1970 1277 2003 est
1311 1965 1376 2003 vel
1410 1965 1512 2003 levis
1549 1965 1701 2015 culpae,

405 2123 423 2158 1
454 2121 603 2159 Iudaea
631 2120 707 2159 Sol.
739 2121 959 2172 (HSAP2)
1059 2122 1084 2159 3
1113 2121 1354 2170 digeruntur
1382 2121 1460 2159 Sol.
1493 2122 1565 2173 (Hi
1667 2135 1699 2159 c.

298 2186 453 2235 rostris,
485 2199 582 2224 corr.
616 2199 637 2223 a
733 2187 756 2223 ὃ
787 2198 818 2223 c.
849 2190 1090 2223 atrectatum
1121 2198 1218 2224 corr.
1249 2190 1284 2223 tt
1367 2185 1453 2223 sine
1483 2199 1593 2224 mora
1623 2186 1700 2224 sol.

298 2250 372 2301 (H)
455 2250 479 2287 6
509 2263 530 2288 o
561 2255 629 2287 aut
660 2253 695 2288 in
726 2251 863 2288 lacuna
953 2250 974 2287 7
1003 2249 1147 2287 artifici
1177 2249 1255 2288 Sol.
1287 2249 1443 2301 ‹KHSAN
1513 2263 1544 2288 c.
1575 2263 1703 2298 aequa

297 2327 394 2352 corr.
425 2328 446 2352 e
476 2327 554 2362 qua
636 2315 660 2352 9
689 2314 855 2352 ultimus
885 2314 1015 2352 honos
1046 2313 1124 2352 Sol.
1209 2315 1258 2353 10
1288 2314 1405 2363 longo
1436 2314 1513 2352 Sol.
1546 2314 1700 2366 (HSAN

298 2380 344 2416 11
376 2379 484 2417 caelo
515 2384 667 2416 tactum
695 2378 772 2417 Sol.
805 2378 962 2430 (HSA)
1057 2379 1104 2414 12
1135 2377 1190 2415 ibi
1220 2377 1298 2415 duo
1329 2378 1406 2416 Sol.
1500 2379 1539 2417 S.
1571 2379 1698 2416 nomi-

298 2448 435 2481 natum
465 2442 638 2481 alterum
668 2442 745 2482 Sol.
856 2443 904 2480 16
934 2442 1094 2480 exhalat
1124 2442 1201 2479 801.
1242 2452 1248 2458 ·
1311 2443 1363 2479 24
1392 2448 1472 2489 est;
1503 2442 1554 2480 ad
1585 2456 1703 2492 quem

296 2506 374 2546 Sol.
407 2507 479 2558 (H)
536 2508 586 2544 26
615 2512 883 2557 prosequatur
912 2506 989 2545 Sol.

396 2665 809 2708 ¹ib.xxxv,9-12
