1916 3254
742 289 786 294 -.
845 269 888 304 ὃ(
948 290 999 294 .—

168 377 342 427 Hipanis
370 377 567 426 nascitur,
605 382 644 415 et
671 377 815 416 Neutri
850 376 956 427 apud
993 389 1093 425 quos
1123 375 1375 425 Boristenes‚
1419 375 1563 414 Geloni

168 441 365 490 Agatyrsi
394 447 434 478 et
461 454 484 478 a
511 446 624 490 tergo
655 454 790 479 eorum
818 440 1032 490 Arimaspi.
1089 440 1203 478 Tunc
1230 439 1379 490 Riphei
1407 444 1562 478 montes

171 510 210 542 et
228 505 339 553 regio
360 505 625 553 caligantibus
644 505 820 543 tenebris
840 505 1076 543 inumbrata.
1106 504 1206 542 Post
1226 503 1386 542 eosdem
1406 508 1562 542 montes

168 574 280 606 trans
318 569 542 617 aquilonem
570 569 773 618 Iperborei
802 568 909 618 apud
938 581 1038 616 quos
1067 567 1206 605 mundi
1247 567 1333 605 axis
1375 568 1563 605 continua

169 632 344 671 motione
373 639 594 682 torquetur7
631 645 731 681 gens
760 632 950 681 moribus,
980 631 1209 682 prolixitate
1237 631 1363 682 vitae,
1398 631 1562 669 deorum
1611 638 1631 669 5

171 697 292 746 cultu,
323 697 427 735 aeris
458 696 677 746 clementia,
709 696 922 735 semenstri
942 696 1017 745 die,
1048 696 1126 734 fine
1156 695 1276 733 etiam
1303 694 1562 733 habitationis

169 761 341 799 humane
374 760 651 811 praedicanda.
707 760 857 798 Verum
887 759 1107 797 Sarmatiae
1146 759 1336 809 Scithyae
1367 759 1560 797 Tauricae

171 830 324 862 tractus
351 824 391 861 in
419 823 670 872 longitudine
704 823 825 860 habet
859 822 967 860 milia
995 828 1197 871 nongenta
1226 823 1431 871 octoginta
1460 828 1560 869 octo,

169 887 382 925 latitudine
410 887 666 937 septingenta
695 887 842 924 decem.
881 887 1013 934 Igitur
1042 887 1115 923 utl
1143 887 1272 925 Varro
1302 900 1380 924 non
1409 887 1561 936 reticet,

172 951 295 988 totius
315 951 502 999 Europae
531 949 738 998 longitudo
767 950 887 987 habet
915 950 1099 998 sexagies
1128 955 1189 987 ter
1217 951 1385 998 triginta
1411 957 1564 1000 septem
1589 951 1633 984 10

171 1014 281 1051 milia
308 1026 533 1064 passusque
562 1014 815 1062 quingentos.
854 1013 941 1050 Iam
969 1012 1069 1050 nihil
1098 1012 1138 1049 in
1168 1013 1369 1064 Europam
1398 1015 1563 1052 aestimo

172 1077 492 1128 memorandum.)
535 1078 722 1126 quoniam
763 1082 803 1115 et
844 1077 1133 1127 Hyperboreos
1176 1077 1253 1115 sibi
1297 1078 1394 1116 Asia
1436 1079 1564 1116 vindi-

171 1141 289 1179 cavit.

277 1204 353 1243 Si2
390 1210 522 1243 autem
557 1206 758 1244 levorsum
794 1211 885 1255 post
913 1205 1092 1255 Ripheos
1128 1211 1283 1244 montes
1317 1207 1459 1245 redeas
1494 1220 1565 1257 per

171 1270 309 1307 oceani
338 1269 662 1320 septentrionalis
692 1275 857 1318 tractus,
886 1274 925 1308 te
955 1270 1085 1308 denuo
1114 1284 1186 1320 per
1214 1271 1451 1309 Germaniae
1473 1271 1564 1309 Gal-
1591 1270 1634 1303 15

170 1333 393 1382 liarumque
423 1339 461 1371 et
488 1334 677 1383 Hyberos
713 1334 881 1384 populos
917 1334 967 1371 ad
998 1334 1240 1372 Gaditanum
1278 1336 1425 1373 ostium
1453 1349 1565 1374 revo-

174 1398 293 1436 cabis.
331 1399 500 1447 Ariphei
530 1399 676 1448 quippe
696 1398 775 1436 iam
796 1399 835 1435 in
855 1399 955 1436 Asia
985 1399 1194 1436 constituti
1222 1399 1387 1449 parilem
1407 1400 1565 1449 Hyper-

174 1462 304 1500 boreis
342 1462 465 1500 vitam
501 1463 653 1511 degunt
687 1463 842 1501 cunctis
878 1463 1065 1511 gentibus
1100 1463 1318 1501 venerandi
1348 1468 1391 1501 ut
1419 1464 1468 1501 ad
1499 1477 1567 1502 eos

172 1526 284 1563 velut
312 1526 362 1563 ad
392 1526 591 1575 quoddam
621 1527 763 1564 asilum
793 1526 1030 1576 confugiant
1058 1533 1292 1566 metuentes.
1349 1528 1465 1566 Ultra
1494 1528 1566 1566 hos

176 1589 322 1628 Cimeri
342 1595 382 1629 et
400 1592 622 1629 Amazones
643 1591 692 1628 ad
714 1590 903 1640 Caspium
922 1605 1030 1630 mare
1052 1592 1155 1640 quod
1177 1591 1215 1629 in
1238 1592 1408 1630 confinio
1429 1592 1567 1630 mundi
1591 1593 1637 1626 20

175 1661 305 1692 ortum
334 1663 408 1701 est,
438 1655 493 1692 ibi
524 1654 757 1704 Scithycum
785 1656 1006 1706 perrumpit
1036 1669 1236 1694 oceanum.
1284 1657 1384 1694 Post
1412 1656 1568 1706 prolixa

173 1724 370 1756 terrarum
401 1723 440 1756 et
468 1719 660 1767 Hyrcana
694 1719 933 1769 repperitur.
992 1719 1203 1758 Caeterum
1240 1720 1280 1757 in
1308 1720 1568 1758 Adlanticum

176 1781 272 1819 litus
301 1783 438 1820 oceani
461 1788 683 1820 remeantes
704 1796 775 1833 per
795 1783 1053 1832 Aquitaniam
1074 1790 1291 1822 extremam
1312 1789 1567 1832 extremaque

175 1845 360 1895 Europae
402 1847 440 1883 in
475 1846 728 1884 Britanniam
769 1852 1038 1885 revertuntur.
1095 1848 1151 1885 De
1188 1862 1262 1898 qua
1297 1850 1388 1886 salis
1426 1862 1566 1899 supr&

176 1911 307 1948 abhinc
334 1911 508 1960 Africam
537 1913 679 1949 (uliacel
711 1924 880 1950 narrare.
1591 1914 1634 1947 25

280 2057 298 2093 1
331 2069 362 2094 c.
391 2056 572 2107 hispanis
602 2070 621 2094 s
640 2070 733 2096 eras.
754 2057 940 2108 Hypanis
960 2058 1080 2097 Mart.
1113 2059 1266 2110 (spanis
1286 2059 1385 2108 BD)
1441 2060 1567 2098 Neuri

175 2119 372 2170 (Grotius)
402 2120 520 2159 Mart.
551 2121 663 2172 (BD)
719 2121 995 2172 Borysthenes
1024 2123 1142 2161 Mart.
1166 2123 1236 2175 (D)
1292 2125 1315 2160 2
1344 2124 1567 2174 Agathyrsi

174 2184 293 2223 Mart.
327 2185 439 2236 (BD)
557 2186 700 2236 Ripaei
729 2186 849 2225 Mart.
880 2187 993 2237 (BD)
1109 2191 1131 2226 4
1161 2188 1416 2238 Hyperborei
1445 2188 1565 2227 Mart.

173 2248 250 2296 (D)
331 2250 356 2287 8
385 2249 600 2300 octoginta,
636 2251 849 2290 latitudine
877 2251 997 2290 Mart.
1037 2252 1093 2302 (b)
1178 2253 1222 2289 11
1254 2252 1417 2303 Europa
1445 2253 1565 2291 Mart.

175 2314 225 2351 14
252 2313 457 2363 Riphaeos
484 2314 604 2353 ᾹΙανι.
647 2316 748 2366 (bR)
860 2316 908 2354 16
944 2315 1120 2354 Hiberos
1154 2317 1323 2366 populos
1359 2317 1408 2354 ad
1444 2316 1563 2355 Mart.

175 2379 222 2416 17
252 2377 486 2428 Arimphaei
515 2378 634 2417 Mart.
762 2381 810 2418 18
839 2393 870 2420 c.
901 2393 981 2432 eas,
1011 2394 1108 2419 corr.
1138 2394 1206 2420 eos
1333 2382 1380 2420 19
1409 2382 1566 2431 asylum

174 2441 295 2481 Mart.
363 2443 415 2481 20
444 2442 646 2481 Cimmerii
674 2443 793 2482 illari.
862 2445 903 2482 in
933 2443 1103 2483 confinio
1133 2449 1244 2483 ortus
1271 2445 1417 2484 aestivi
1444 2445 1565 2484 Mart.

176 2507 254 2558 (est
281 2505 338 2544 ibi
365 2506 460 2557 BR)
516 2508 563 2545 21
595 2520 626 2546 c.
655 2521 740 2558 pos,
771 2522 866 2547 corr.
895 2514 988 2559 post
1044 2510 1093 2546 22
1122 2509 1329 2560 Hyrcania
1358 2509 1476 2549 NIart.

274 2667 280 2691 ι
308 2666 367 2710 vi,
394 2665 472 2701 662.
521 2665 537 2692 2
565 2665 624 2709 VI,
651 2667 728 2701 665.
