1916 3254
262 980 279 1010 1
286 984 306 1012 o

262 1297 306 1329 15

263 1616 309 1649 20

906 290 1164 326 -38-

335 401 511 449 quinque
540 399 649 437 milia
679 407 785 437 sunt.
823 399 874 436 In
903 413 981 447 quo
1011 399 1142 449 spatio
1172 413 1315 448 magna
1338 405 1377 438 et
1405 401 1530 438 multa
1558 400 1734 449 flumina,

332 464 465 502 fontes
496 463 625 511 calidi,
657 463 821 513 opipare
851 463 1029 514 exculpti
1058 463 1273 513 adparatos
1301 464 1342 501 in
1362 477 1461 502 usus
1489 465 1734 511 mortalium;

333 528 479 575 quibus
507 526 688 564 fontibus
723 527 886 576 praesul
921 533 982 565 est
1010 527 1193 565 Minerve
1221 540 1380 577 numen,
1423 529 1464 565 in
1494 528 1607 565 cuius
1638 528 1736 565 aede

332 589 517 640 perpetui
545 590 661 638 ignes
690 603 908 638 numquam
936 595 1155 628 canescunt
1175 590 1217 627 in
1236 591 1410 639 favillas,
1441 591 1513 629 sed
1538 590 1646 639 ignis
1667 590 1737 627 ubi

332 655 463 692 tabuit
490 653 663 691 vertitur
690 653 732 690 in
761 654 904 702 globos
943 667 1097 693 saxeos.
1153 654 1373 692 Praeterea
1400 660 1445 691 ut
1473 660 1627 692 taceam
1655 667 1735 692 me-

332 718 519 755 tallorum
553 717 706 766 largam
743 718 975 767 variamque
1015 719 1170 769 copiam
1200 719 1347 766 quibus
1375 717 1577 755 Brittani(
1607 717 1736 755 solum

331 794 523 829 gene1um
546 781 672 831 pollet
692 795 716 818 v
721 781 806 819 enis
835 782 1115 832 locupletibus,
1146 787 1314 831 gagates
1334 781 1400 819 hic
1420 781 1616 832 plurimus
1636 782 1737 831 opti-

332 858 501 893 musque
536 850 599 883 est
634 846 755 895 Iapis:
800 847 834 884 si
872 847 1056 884 decorem
1092 847 1276 895 lequiras
1312 846 1659 894 nigrogemmeus,
1703 846 1739 883 si

331 916 527 959 naturam,
558 923 661 958 aqua
681 910 807 958 aidet‚
831 911 918 948 oleo
938 910 1223 959 restinguitur3
1255 911 1290 948 si
1310 915 1566 959 potestatem,
1597 908 1739 946 attritu

332 973 549 1012 calefaetus
570 974 759 1024 applicita
779 974 932 1012 detinet
952 981 1072 1022 atque
1091 975 1290 1012 sucinum.
1339 973 1561 1022 Regionem
1591 973 1738 1022 partim

332 1043 471 1076 tenent
498 1039 660 1076 barbari
680 1038 826 1086 quibus
846 1052 919 1088 per
939 1038 1114 1076 artifices
1135 1039 1344 1088 plagarum
1369 1037 1515 1087 figuris
1545 1036 1623 1074 iam
1644 1036 1738 1074 inde

333 1103 478 1140 amaris
499 1103 634 1140 variae
654 1103 885 1140 animalium
915 1102 1070 1151 effigies
1099 1103 1421 1152 incorporantur,
1450 1101 1739 1151 inscriptisque

332 1166 558 1204 visceribus
600 1166 774 1204 hominis
818 1167 1064 1204 incremento
1113 1166 1329 1215 picmentis
1376 1170 1496 1203 notae
1539 1171 1737 1204 crescunt.

332 1230 417 1267 Nec
466 1230 679 1278 quicquam
720 1243 836 1279 mage
878 1229 1097 1279 patientiae
1139 1229 1226 1267 loco
1274 1229 1460 1267 nationes
1506 1229 1617 1266 ferae
1668 1230 1738 1266 du-

333 1301 439 1331 cunt.
477 1307 596 1342 quam
628 1299 672 1331 ut
705 1307 776 1344 per
805 1307 1003 1332 memores
1033 1294 1242 1331 cicatrices
1271 1293 1487 1343 plurimum
1515 1292 1598 1329 fuci
1627 1298 1740 1329 artus

333 1358 484 1396 bibam.

440 1423 515 1459 111¹
553 1422 693 1460 eodem
728 1422 829 1459 mari
859 1432 920 1459 est
955 1421 1067 1458 Iadis
1103 1420 1233 1458 insula
1271 1421 1312 1457 in
1347 1418 1427 1457 fine
1456 1419 1620 1457 Beticae
1649 1432 1740 1468 pro-

333 1485 485 1523 vintiae
523 1486 621 1527 sita,
665 1486 714 1523 de
752 1499 831 1534 qua
867 1485 1055 1523 habunde
1092 1497 1226 1534 supra.
1282 1483 1347 1520 Ibi
1365 1485 1381 1510 '2
1424 1483 1544 1521 etiam
1585 1482 1740 1520 insulae

333 1550 556 1601 Fortunati·
591 1563 693 1598 quae
728 1550 924 1588 vocabulo
963 1562 1036 1587 suo
1073 1547 1306 1597 significant
1341 1547 1473 1584 omnia
1502 1546 1609 1584 ferre
1636 1548 1740 1585 bona

335 1615 449 1663 quasi
483 1613 623 1652 felices
659 1620 697 1652 et
733 1615 875 1652 beatae
910 1612 1115 1651 fructuum
1152 1613 1358 1661 ubertate,
1397 1625 1470 1649 sua
1506 1611 1611 1649 enim
1649 1617 1741 1661 apte

296 1692 299 1695 ⁴
334 1685 479 1716 natura
520 1679 821 1728 praeciosarum
864 1691 983 1728 poma
1026 1677 1219 1715 silvarum
1263 1675 1517 1726 parturiunt,
1560 1675 1740 1713 fortuitis

201 1936 310 1969 ·25

335 1742 487 1780 vitibus
516 1743 610 1791 iuga
640 1743 799 1781 collium
827 1742 1078 1791 vestiunturg
1113 1741 1163 1778 ad
1193 1741 1409 1778 herbarum
1437 1740 1566 1777 vicem
1594 1739 1740 1777 messis

336 1815 376 1846 et
396 1808 483 1846 olus
504 1807 624 1855 vulgo
646 1812 720 1855 est,
750 1807 858 1844 unde
877 1806 1089 1855 gentilium
1112 1819 1222 1844 error
1243 1810 1282 1843 et
1302 1805 1544 1850 secularium
1565 1803 1739 1842 carmina

335 1878 544 1921 poetarum
576 1878 740 1921 propter
760 1871 836 1909 soli
864 1870 1154 1909 fecunditatem
1184 1869 1347 1907 easdem
1376 1881 1465 1907 esse
1493 1868 1740 1918 paradysum

336 1945 594 1986 putaverunt.
634 1935 745 1973 Sitae
774 1942 867 1973 sunt
898 1940 1032 1972 autem
1062 1934 1103 1971 in
1133 1947 1282 1971 oceano
1313 1932 1444 1971 levam
1471 1932 1740 1970 Mauritaniae

442 2072 465 2106 2
496 2070 659 2120 opiparo
696 2068 773 2107 Sol.
877 2067 1025 2106 exculti
1055 2067 1131 2105 Sol.
1171 2067 1222 2118 (L
1235 2067 1328 2116 GP)
1438 2070 1634 2116 apparatu
1662 2065 1739 2102 Sol.

337 2170 571 2219 (apparatus
600 2168 696 2217 HS)
788 2167 838 2205 ad
868 2181 966 2205 usus
996 2166 1071 2205 Sol.
1171 2167 1194 2203 3
1225 2179 1256 2203 c.
1286 2138 1431 2204 nomen
1468 2164 1514 2203 M
1619 2166 1645 2201 4
1673 2164 1740 2202 ubi

336 2233 442 2282 ignis
479 2232 556 2271 Sol.
666 2234 689 2269 ἵ)
718 2231 840 2270 vertit
879 2231 955 2269 Sol.
1001 2230 1095 2280 (GB
1109 2231 1171 2280 1³2)
1271 2230 1292 2266 7
1328 2229 1506 2278 undique
1549 2242 1741 2278 generum

336 2332 414 2370 Sol.
470 2345 502 2371 c.
531 2304 720 2380 generem
749 2330 799 2368 ,Π
902 2331 951 2368 10
980 2343 1010 2367 c.
1041 2302 1223 2368 socinum
1253 2328 1299 2367 M
1408 2330 1452 2365 11
1483 2327 1635 2376 figuras
1663 2327 1741 2364 iam

336 2396 429 2435 inde
459 2410 480 2433 a
508 2397 645 2447 pueris
680 2395 757 2433 Sol.
870 2396 917 2432 13
959 2394 1154 2445 pigmenti
1184 2393 1261 2431 Sol.
1300 2393 1373 2444 (H)
1483 2393 1535 2430 20
1564 2405 1596 2429 c.
1626 2391 1741 2429 uber—

336 2467 444 2499 tatae
472 2474 494 2498 a
523 2473 618 2498 eras.
728 2464 870 2510 suapte
900 2459 1006 2497 enim
1034 2464 1176 2496 natura
1215 2458 1305 2495 leid.
1416 2458 1466 2494 25
1496 2461 1635 2495 contra
1664 2455 1742 2493 lae-

337 2539 428 2564 vam
458 2525 505 2565 Is.

434 2698 444 2723 ¹
475 2707 517 2729 ex
545 2696 591 2729 12.
623 2695 717 2737 XIV,
745 2695 777 2732 6,
803 2695 832 2726 7.
882 2694 898 2719 '2
926 2705 970 2727 ex
998 2694 1040 2726 1³.
1069 2694 1161 2727 xlv.
1190 2695 1221 2727 G.
1249 2693 1280 2727 8.
