1916 3254
305 908 348 941 10

304 1231 348 1263 15

303 1552 350 1585 20

941 213 1201 249 —24-

475 323 598 374 Apud
636 323 880 372 Segestanos
908 321 1134 360 Helbessus
1175 322 1217 360 in
1258 322 1389 361 medio
1432 322 1594 362 flumine
1635 324 1771 362 subita

372 386 673 427 exaestuatione
697 385 890 424 fervescit
908 390 948 424 et
967 385 1139 424 eundem
1168 386 1350 434 quamvis
1370 386 1587 426 dimersum
1607 387 1770 426 Aethna

371 451 521 500 frigore
549 449 778 488 antevertit.

475 515 724 564 Hymereum
762 513 956 551 caelestes
993 517 1151 551 mutant
1190 513 1351 564 plagae;
1396 529 1554 554 amarus
1596 516 1771 565 denique

373 585 446 629 est,
477 580 570 616 dum
590 577 631 615 in
651 577 879 626 aquilonem
906 577 1007 627 fluit,
1038 576 1167 615 dulcis
1195 578 1265 616 ubi
1284 578 1335 616 ad
1354 579 1562 618 meridiem
1580 579 1769 618 flectitur.

373 643 532 689 Quanta
559 642 600 679 in
629 642 745 690 aquis
773 646 888 679 tanta
914 641 1075 680 novitas
1104 641 1146 679 in
1174 642 1326 681 salinis.
1375 643 1509 682 Salem
1536 643 1770 693 Agrigenti-

371 720 467 744 num
486 706 522 744 si
549 705 633 755 igni
661 706 840 743 iunxeris
869 706 1106 744 dissolvitur
1134 706 1305 745 ustione.
1342 706 1416 745 Cui
1437 707 1472 746 si
1491 707 1623 756 liquor
1642 721 1771 756 aquae

373 769 672 822 proximaverit,
703 769 872 821 crepitat
900 770 1027 809 veluti
1055 774 1267 808 torreatur.

478 835 731 885 Purpureum
758 835 920 873 Aethna
947 834 1089 886 mittit7
1124 835 1165 872 in
1197 833 1369 873 Pachino
1404 835 1678 875 translucidus
1711 836 1771 874 in—

373 899 545 937 venitur.

480 962 648 1001 Caetera
684 963 902 1001 salinarum
940 963 1101 1001 metalla
1136 976 1238 1012 quae
1275 967 1370 1001 sunt
1403 968 1472 1001 aut
1502 963 1773 1013 Agrigentino

373 1032 443 1065 aut
471 1027 733 1077 Centuripino
761 1026 1029 1078 proximantia
1063 1027 1289 1077 funguntur
1324 1028 1499 1066 cautium
1534 1028 1772 1077 ministerio,

372 1104 464 1129 nam
493 1091 573 1130 illic
602 1091 792 1130 excidunt
820 1092 935 1141 signa
963 1092 1014 1129 ad
1042 1091 1166 1130 facies
1195 1092 1400 1130 hominum
1432 1092 1493 1130 vel
1522 1093 1699 1131 deorum.

480 1155 722 1195 Termitanis
756 1156 855 1194 locis
890 1155 1022 1194 insula
1051 1161 1112 1194 est
1140 1156 1410 1194 harundinum
1436 1156 1570 1207 ferax3
1604 1157 1679 1195 hae
1709 1171 1772 1195 ac-

375 1220 738 1271 commodatissimq
766 1224 862 1258 sunt
889 1220 931 1257 in
961 1233 1117 1258 omnem
1146 1232 1289 1258 sonum
1317 1219 1518 1269 tibiarum,
1557 1234 1629 1258 seu
1657 1234 1772 1269 prae-

374 1285 573 1322 centorias
601 1283 738 1333 facias,
769 1297 937 1332 quarum
964 1283 1076 1321 locus
1098 1287 1160 1321 est
1179 1283 1228 1320 ad
1248 1283 1475 1333 pulvinaria
1501 1283 1774 1332 praecinendi,

374 1348 462 1386 sive
491 1361 649 1398 vaseas,
686 1360 787 1396 quae
821 1346 1061 1384 foraminum
1089 1346 1267 1384 numeris
1305 1346 1503 1384 accedunt
1530 1348 1634 1385 seu1
1662 1347 1775 1397 puel-

374 1412 539 1450 latorias
568 1411 715 1460 quibus
744 1425 767 1449 a
796 1424 893 1450 sono
925 1410 1091 1448 clariore
1120 1423 1313 1449 vocamen
1342 1410 1472 1457 datur,
1511 1411 1597 1450 sive
1626 1411 1777 1460 gingri—

376 1489 462 1527 nas„
493 1489 593 1525 quae
622 1475 829 1514 breviores
848 1475 943 1513 licet
972 1474 1251 1513 subtilioribus
1272 1479 1406 1513 tamen
1426 1474 1555 1513 modis
1575 1475 1777 1524 insonant,

374 1544 443 1577 aut
472 1539 659 1578 milvinas
689 1553 790 1588 quae
824 1539 865 1577 10
895 1543 1083 1577 accentus
1119 1544 1267 1578 exeunt
1296 1539 1569 1589 acutissimos,
1600 1545 1670 1577 aut
1697 1539 1774 1589 Ly-

374 1604 479 1653 dias,
516 1617 615 1653 quas
644 1609 684 1642 et
718 1603 893 1642 turarias
922 1604 1081 1653 dicunt,
1120 1603 1185 1642 vel
1222 1603 1451 1641 Corinthias
1486 1603 1550 1642 vel
1578 1604 1777 1654 Haeptias

374 1669 525 1706 aliasve
546 1682 568 1706 a
588 1668 752 1707 musicis
771 1681 844 1718 per
864 1667 1047 1707 diversas
1078 1666 1300 1706 officiorum
1326 1673 1365 1706 et
1385 1667 1590 1706 nominum
1618 1668 1777 1718 species

377 1738 595 1784 separatas.

481 1797 526 1835 In
546 1796 713 1835 Alesina
741 1797 905 1845 regione
933 1795 1026 1834 fons
1056 1796 1154 1834 alias
1176 1795 1336 1845 quietus
1357 1800 1397 1834 et
1416 1796 1657 1845 tranquillus
1688 1809 1777 1834 cum

482 1921 501 1957 1
533 1934 565 1962 c.
594 1921 815 1970 belbessus,
846 1932 944 1958 corr.
974 1919 1040 1957 hel
1069 1919 1296 1970 (helbessus
1325 1918 1401 1958 Sol.
1430 1919 1523 1970 HS)
1593 1920 1617 1956 2
1645 1919 1779 1958 fervet

375 1985 451 2025 Sol.
481 1985 589 2035 (HS)
698 1984 867 2022 Acidem
901 1985 1084 2033 quamvis
1120 1983 1331 2021 dimissum
1367 1983 1445 2022 Sol.
1564 1984 1588 2020 3
1625 1984 1777 2033 frigore

375 2049 510 2087 nullus
530 2049 607 2087 Sol.
662 2049 688 2086 4
715 2048 974 2086 Himeraeum
995 2047 1070 2086 Sol.
1090 2048 1160 2098 (H)
1218 2047 1240 2085 7
1270 2061 1300 2088 c.
1323 2048 1465 2097 loquor
1486 2048 1534 2085 M
1587 2049 1630 2084 11
1655 2048 1776 2097 Agri-

376 2118 497 2163 gento
526 2113 601 2153 Sol.
633 2113 675 2164 (h
687 2113 731 2163 S)
804 2113 852 2150 12
883 2111 1114 2163 Centuripis
1144 2111 1220 2150 Sol.
1251 2112 1308 2160 (H
1320 2111 1363 2162 S)
1448 2113 1495 2149 13
1525 2112 1779 2150 excuduntur

377 2212 455 2251 Sol.
485 2213 541 2264 (H
553 2213 597 2265 S)
708 2214 757 2252 14
794 2226 826 2251 0.
856 2213 955 2262 haec
983 2183 1329 2257 agomodatissimq
1359 2211 1407 2249 M
1497 2225 1600 2260 quae
1629 2224 1776 2250 accom.

378 2277 454 2315 Sol.
477 2277 548 2327 (H)
599 2278 645 2314 15
666 2278 964 2327 praecentorias
993 2276 1237 2315 antecedunt
1255 2275 1333 2314 Sol.
1382 2277 1427 2313 21
1451 2276 1677 2326 Aegyptias
1698 2274 1776 2314 Sol.

381 2342 523 2392 (eptias
543 2342 598 2393 H)
655 2343 704 2379 22
726 2356 757 2380 c.
788 2341 866 2379 alia
895 2355 991 2380 suae
1046 2342 1095 2380 23
1116 2339 1335 2392 separatas]
1369 2342 1403 2378 in
1438 2353 1554 2391 marg).
1586 2341 1779 2390 superiore

379 2407 558 2456 scriplum
579 2408 705 2444 eadem
727 2410 838 2444 mame
860 2420 953 2444 saec.
976 2405 1073 2444 XVI
1098 2405 1291 2443 TIBIAE
1322 2405 1533 2442 EARIAE
1587 2405 1637 2441 24
1657 2404 1778 2443 Hale-

379 2470 469 2508 sina
498 2470 573 2508 Sol.
605 2470 714 2521 (HS)

478 2628 488 2654 1
515 2629 584 2663 301.
615 2629 656 2669 ν,
686 2629 831 2662 ise-ao.
