1916 3254
726 1002 1156 1071 Praefatio.

353 1244 489 1283 Codex
507 1242 720 1281 Leidensis
741 1243 748 1268 ¹
768 1242 835 1280 lat.
851 1240 970 1279 Voss.
987 1240 1054 1278 fol.
1073 1240 1147 1276 113
1167 1253 1189 1277 a
1208 1238 1369 1277 Pertzio
1391 1239 1644 1290 descriptus2

248 1309 426 1347 continet
452 1308 495 1345 in
521 1307 601 1344 fine
619 1306 688 1344 fol.
710 1306 868 1343 71—90
895 1305 1132 1355 opusculum
1159 1303 1388 1352 ineditum‚3
1418 1303 1525 1352 quod
1553 1317 1646 1341 ano-

248 1385 392 1421 nymus
421 1371 583 1422 quidam
610 1375 749 1408 auctor
768 1370 811 1407 de
831 1371 903 1407 situ
925 1370 1037 1410 orbis,
1065 1374 1111 1405 ut
1129 1368 1171 1405 in
1198 1367 1446 1417 praefatione
1474 1367 1645 1416 legimus

249 1436 470 1486 conposuit.
525 1435 602 1472 Est
629 1447 710 1471 una
743 1446 872 1482 neque
908 1433 1126 1481 inelega-nti
1154 1445 1274 1470 manu
1303 1431 1498 1482 scriptum
1527 1444 1645 1480 quam

247 1505 376 1537 totum
405 1498 582 1537 codicem
609 1497 688 1535 iam
708 1511 729 1535 a
750 1497 908 1535 Pertzio
938 1497 1171 1534 duodecimo
1201 1496 1360 1534 saeculo
1389 1495 1646 1544 adsignatum

249 1563 462 1613 scripsisse
492 1568 531 1601 et
560 1562 698 1600 eadem
726 1562 950 1600 litterarum
977 1561 1106 1609 figura
1134 1565 1174 1598 et
1202 1560 1280 1598 sibi
1308 1564 1541 1598 constantes
1562 1571 1644 1596 cor-

246 1632 425 1664 recturae
455 1632 494 1663 et
522 1626 667 1664 menda
700 1625 853 1663 librarii
888 1625 1123 1675 adprobant.
1172 1625 1310 1662 Prima
1337 1637 1431 1673 pars
1462 1622 1644 1673 opusculi

244 1689 408 1740 pulchre
449 1695 714 1738 accurateque
757 1694 919 1727 exarata
957 1694 1018 1726 est
1051 1701 1181 1737 neque
1224 1701 1350 1737 aequo
1393 1687 1507 1738 plura
1544 1686 1643 1724 vitia

246 1754 395 1802 insunt,
426 1767 519 1804 pars
547 1753 747 1803 posterior
776 1752 896 1790 citato
926 1753 1100 1801 quodam
1130 1765 1251 1790 cursu
1281 1756 1321 1789 et
1352 1751 1574 1801 composita
1603 1756 1643 1788 et

248 1817 397 1866 scripta
432 1822 504 1854 est.
562 1817 679 1855 Certe
720 1817 907 1854 materies
946 1816 1136 1853 deficiens
1178 1815 1385 1853 librarium
1426 1815 1558 1863 coegit
1599 1820 1645 1852 ut

246 1881 485 1930 scripturam
519 1881 712 1919 minorem
750 1881 960 1918 adhiberet
1000 1881 1304 1928 litterarumque
1347 1878 1642 1917 abbreviaturis

243 1943 374 1981 fusius
415 1948 608 1982 uteretur.
679 1943 858 1994 Scriptor
911 1949 1041 1981 totum
1088 1943 1265 1982 codicem
1314 1943 1460 1981 iterum
1501 1942 1644 1991 relegit

245 2005 552 2055 emendavitque
596 2013 640 2044 ut
670 2020 691 2045 e
721 2007 960 2045 correcturis
1002 2007 1186 2057 plurimis
1230 2007 1370 2045 elucet.
1427 2007 1472 2045 In
1501 2006 1642 2056 primis

243 2070 519 2119 distinguendi
546 2076 662 2109 notas
691 2084 815 2121 prave
848 2071 1002 2122 positas
1031 2071 1200 2121 delevit,
1238 2071 1461 2109 sententias
1496 2071 1642 2120 partim

241 2140 395 2173 rectum
421 2135 567 2185 partim
594 2135 739 2173 falsum
767 2136 807 2172 in
835 2135 997 2173 modum
1026 2134 1222 2186 distinxit,
1250 2135 1425 2172 litteram
1453 2135 1479 2172 h
1507 2134 1643 2173 multis

246 2199 380 2236 verbis
410 2199 458 2236 ab
485 2199 620 2237 littera
639 2213 661 2236 a
681 2199 966 2249 incipientibus
995 2200 1291 2250 superscripsit,
1319 2199 1476 2236 litteras
1505 2211 1643 2249 parum

341 2332 350 2356 ¹
377 2332 480 2365 Hunc
504 2333 660 2366 codicem
688 2334 841 2367 contulit
868 2333 960 2366 mihi
989 2332 1167 2366 Dresdam
1194 2334 1353 2376 benigno
1379 2334 1499 2366 animo
1527 2332 1568 2366 V.
1588 2331 1641 2365 Cl.

244 2389 301 2422 Du
327 2391 430 2423 Rieu.

337 2446 353 2472 2
378 2447 431 2480 De
457 2449 733 2492 cosmographia
759 2450 879 2483 Ethici
904 2461 939 2494 p.
967 2451 1048 2485 117.

337 2505 352 2529 3
378 2506 641 2539 praefationem
668 2509 899 2552 capitumque
926 2509 1048 2541 titulos
1075 2519 1093 2541 a
1121 2508 1178 2541 Du
1197 2509 1287 2541 Rieu
1313 2510 1443 2542 missos
1469 2508 1639 2541 Duemm-

243 2563 294 2595 ler
329 2563 464 2606 publici
499 2565 589 2596 iuris
622 2564 706 2596 fecit
735 2565 853 2598 Neues
888 2565 1026 2600 Archiv
1059 2566 1122 2599 der
1155 2566 1396 2600 Gesellschaft
1435 2567 1494 2598 fiir
1531 2566 1639 2598 'altere

241 2620 411 2654 deutsche
438 2621 772 2655 Geschichtskunde
798 2623 858 2663 IV,
885 2624 953 2658 176
980 2635 1054 2668 sq¹7
1090 2625 1150 2657 ubi
1186 2626 1294 2657 etiam
1329 2625 1517 2658 adnotavit
1550 2623 1635 2666 quid

241 2677 284 2711 de
310 2683 454 2711 anctore
480 2680 638 2712 sentiret.
