1916 3254
913 310 959 314 ——
1016 286 1095 323 XII
1156 310 1194 312 W

354 398 517 448 scripsit,
557 397 675 448 primi
704 396 796 434 libri
833 400 954 445 caput
987 395 1172 444 primum.
1231 395 1355 433 Cuius
1389 395 1524 434 variae
1558 396 1750 434 lectiones

353 475 503 513 paucae
545 466 640 499 sunt
680 473 810 508 neque
852 464 991 497 noster
1024 463 1160 497 textus
1195 459 1343 496 multas
1380 459 1502 497 habet
1535 473 1558 498 a
1585 460 1750 509 vulgata

353 526 569 564 traditione
599 524 762 562 alienas.
801 525 839 561 A
873 537 952 572 qua
981 523 1058 561 duo
1087 527 1245 561 tantum
1272 523 1350 561 loci
1382 523 1623 574 discrepant,
1654 538 1750 573 quo-

352 604 440 628 rum
481 589 582 627 alter
623 589 789 638 praebet
833 588 1048 626 lectionem
1095 588 1246 626 codicis
1287 588 1602 637 Bongarsiensis
1648 589 1750 626 alter

352 652 543 692 Aimoini.
601 652 712 698 Quae
747 665 836 690 cum
864 651 921 689 ita
958 653 1061 702 sint,
1104 657 1305 691 auctorem
1349 652 1487 690 codice
1514 666 1633 690 usum
1661 665 1751 691 esse

352 719 503 768 primae
533 717 674 754 classis
704 721 860 754 tantum
897 717 1206 755 commentarios
1235 717 1285 754 de
1314 716 1417 754 bello
1447 716 1548 757 Gall.
1579 716 1752 766 scriptos

352 782 549 820 tradentis
579 780 797 819 verisimile
827 785 901 819 est.

460 846 662 895 Pomponii
680 845 801 883 Melae
830 845 1136 894 antiquissimus
1166 845 1292 883 codex
1315 845 1535 883 Vaticanus
1554 845 1659 883 4924
1679 845 1749 896 (A)

350 917 422 959 est,
459 910 528 959 qui
556 910 606 947 ab
634 911 822 959 Augusto
850 910 946 948 Mau
975 915 1015 948 et
1045 909 1187 948 CaroIo
1216 909 1340 948 Frick
1363 911 1372 936 ¹
1407 909 1567 947 saeculo
1597 908 1750 947 decimo

349 974 598 1023 adsignatur.
637 974 770 1020 Quare
796 978 935 1012 noster
970 974 1084 1011 illum
1112 974 1312 1024 inspicere
1332 986 1412 1011 non
1432 973 1574 1024 potuit.
1605 972 1750 1019 Quam-

350 1052 469 1087 quam
505 1038 734 1076 mirandum
762 1051 842 1076 non
872 1043 944 1088 est,
976 1038 1082 1086 quod
1112 1038 1306 1076 lectiones
1336 1037 1420 1075 cod.
1449 1038 1487 1075 A
1516 1037 1752 1087 saepissime

349 1116 439 1141 cum
468 1102 617 1141 nostris
647 1103 916 1140 consentiunt.
950 1102 1167 1140 Praeterea
1195 1102 1301 1153 apud
1331 1106 1514 1140 nostrum
1542 1101 1640 1139 haut
1661 1114 1751 1138 raro

349 1168 543 1205 lectiones
579 1166 693 1204 codd.
722 1166 838 1204 BKL
869 1166 1109 1204 invenimus.
1164 1166 1350 1214 Denique
1386 1166 1522 1204 multis
1556 1166 1656 1204 locis
1684 1178 1752 1203 ne-

349 1232 552 1271 cessitudo
582 1231 796 1269 intercedit
823 1231 929 1270 inter
956 1232 1014 1268 Al
1042 1232 1101 1269 A'2
1130 1235 1169 1269 et
1197 1236 1381 1269 nostrum
1411 1231 1477 1277 (cf.
1508 1231 1568 1268 ed.
1598 1229 1752 1267 Frickii

348 1311 386 1346 p.
416 1296 520 1334 VIII
548 1295 640 1345 sq.).
696 1296 835 1344 Itaque
873 1295 915 1332 in
953 1295 1147 1344 opusculo
1187 1307 1326 1332 omnes
1354 1294 1439 1332 fere
1467 1294 1605 1343 magni
1634 1294 1752 1332 aesti-

347 1361 482 1398 mandi
512 1360 670 1397 codices
699 1359 810 1396 velut
838 1359 879 1396 in
909 1359 1127 1408 archetypo
1148 1358 1288 1396 insunt
1308 1371 1386 1406 qua
1406 1358 1455 1395 de
1475 1370 1596 1395 causa
1614 1356 1751 1394 nesci0

349 1438 399 1462 an
429 1424 638 1474 archetypi
668 1423 839 1471 quodam
869 1423 1100 1473 apographo
1128 1435 1227 1460 usus
1257 1422 1311 1459 sit
1349 1426 1499 1460 auctor.
1557 1420 1634 1467 Qui
1663 1433 1753 1458 cum

347 1488 454 1526 haud
491 1487 758 1538 spernendam
793 1486 1109 1537 chorographiae
1144 1491 1300 1536 partem
1329 1486 1380 1524 ad
1415 1486 1539 1524 verba
1573 1483 1751 1534 descrip-

346 1553 444 1591 serit
464 1552 503 1588 in
525 1556 730 1602 posterum
751 1551 882 1589 Melae
902 1550 1057 1589 edendo
1079 1551 1318 1589 adhibeatur
1337 1554 1506 1601 oportet.
1536 1550 1596 1587 Eo
1617 1554 1750 1587 autem

346 1616 453 1666 quod
482 1615 720 1666 opusculum
748 1619 933 1653 nostrum
960 1616 1122 1665 saepius
1151 1615 1346 1654 lectiones
1366 1615 1424 1653 A¹
1444 1615 1503 1652 A*2
1532 1619 1680 1662 servat,
1711 1617 1751 1651 et

348 1680 501 1718 Frickii
543 1678 744 1718 sententia
781 1679 830 1717 de
867 1679 1020 1728 origine
1055 1680 1113 1717 Al
1143 1684 1182 1717 et
1209 1680 1268 1716 Α2
1302 1679 1384 1717 lata
1420 1679 1635 1729 probatur,
1680 1677 1749 1726 qui

347 1743 581 1782 substitutis
612 1743 783 1792 singulis
810 1748 855 1780 ut
880 1744 937 1781 ita
966 1744 1096 1782 dicam
1125 1743 1268 1782 mediis
1298 1743 1504 1782 codicibus
1534 1742 1603 1780 uni
1623 1741 1752 1780 codici

347 1809 483 1846 ambas
513 1808 649 1847 deberi
677 1812 812 1858 putat,
849 1813 889 1845 et
917 1808 1096 1847 codicem
1125 1823 1174 1847 ex
1203 1822 1280 1857 quo
1309 1808 1504 1847 lectiones
1532 1807 1591 1845 A2
1620 1805 1750 1845 codici

346 1872 544 1910 Vaticano
574 1872 752 1909 insertae
781 1875 877 1909 sunt
906 1873 1006 1910 satis
1035 1873 1245 1921 antiquum
1273 1872 1402 1910 fuisse
1430 1872 1571 1920 liquet.

455 1937 774 1986 Antiquissimus
811 1938 937 1976 codex
976 1937 1098 1975 solim·
1136 1943 1198 1975 est
1235 1937 1448 1975 Leidensis
1484 1936 1604 1974 Voss.
1636 1936 1670 1981 Q
1699 1934 1748 1974 87

346 2015 448 2040 saec.
478 2001 547 2039 IX.
605 2002 683 2048 Qui
712 2016 782 2052 pro
812 2007 991 2052 tempore
1020 2002 1069 2039 ab
1099 2006 1262 2039 auctore
1292 2001 1424 2039 evolvi
1460 2000 1604 2050 potuit,
1635 2011 1749 2049 prae-

346 2066 484 2103 sertim
505 2078 594 2103 cum
615 2079 635 2104 e
655 2065 898 2104 bibliot-heca
919 2065 1090 2114 quadam
1110 2065 1413 2114 Francogalliae
1434 2063 1628 2102 oriundus
1649 2063 1713 2100 sit.
1732 2062 1748 2088 ·.›

347 2129 425 2167 Sed
456 2129 549 2177 quia
578 2129 761 2179 plurimis
790 2130 888 2168 locis
917 2144 940 2168 a
968 2135 1107 2168 nostro
1138 2129 1353 2179 discrepat,
1384 2128 1486 2166 alius
1508 2127 1633 2166 codex
1654 2126 1746 2164 sub-

345 2193 536 2231 stituatur
565 2199 733 2243 oportet.

449 2257 693 2306 Plerumque
734 2262 874 2296 noster
915 2259 1079 2308 praebet
1121 2257 1314 2296 lectiones
1357 2257 1539 2296 codicum
1575 2255 1615 2293 H
1651 2255 1676 2292 h
1706 2254 1746 2295 S.

344 2403 516 2437 Iuliobona
541 2415 653 2436 vocare
675 2404 810 2446 placuit.
863 2406 962 2446 Quae
989 2405 1083 2437 unde
1109 2410 1255 2448 sumpta
1281 2406 1352 2437 sint
1382 2405 1512 2438 neseio.
1556 2403 1747 2437 Iuliobona

345 2467 485 2496 tanturn
520 2464 555 2495 in
592 2464 715 2497 tabula
753 2465 1031 2507 I’eutingeriana
1063 2468 1098 2496 et.
1135 2465 1171 2496 in
1208 2465 1329 2497 Itiner.
1360 2464 1494 2497 Anton.
1530 2472 1745 2496 commemo-

347 2527 464 2564 ratur„
503 2532 618 2565 neque
651 2522 706 2555 his
741 2522 825 2555 Iocis
863 2523 1060 2566 quicquam
1095 2523 1137 2554 ‹Iv
1177 2524 1321 2555 nomine
1357 2535 1375 2554 ιι
1415 2522 1567 2555 Caesare
1609 2524 1747 2553 mutato

347 2581 514 2624 legimus,

444 2639 451 2663 ¹
479 2637 612 2671 Frickii
639 2639 723 2672 edit.
751 2650 783 2682 p.
814 2639 908 2672 VIII.

439 2696 454 2722 '2
482 2697 523 2728 rs.
553 2697 699 2729 Solinus
726 2697 778 2730 etl.
809 2698 1007 2730 anmsvn
1038 2710 1068 2739 p.
1097 2698 1255 2732 LXXXI.
