<?xml version="1.0" encoding="UTF-8"?>
<!DOCTYPE html PUBLIC "-//W3C//DTD XHTML 1.0 Transitional//EN"
    "http://www.w3.org/TR/xhtml1/DTD/xhtml1-transitional.dtd">
<html xmlns="http://www.w3.org/1999/xhtml" xml:lang="en" lang="en">
 <head>
  <title>
</title>
<meta http-equiv="Content-Type" content="text/html;charset=utf-8" />
  <meta name='ocr-system' content='tesseract 3.04.00' />
  <meta name='ocr-capabilities' content='ocr_page ocr_carea ocr_par ocr_line ocrx_word'/>
</head>
<body>
  <div class='ocr_page' id='page_1' title='image "anonymidesituorb00maniuoft_0094.png"; bbox 0 0 1916 3254; ppageno 0'>
   <div class='ocr_carea' id='block_1_1' title="bbox 249 610 268 640">
    <p class='ocr_par' dir='ltr' id='par_1_1' title="bbox 249 610 268 640">
     <span class='ocr_line' id='line_1_1' title="bbox 249 610 268 640; baseline 0 0"><span class='ocrx_word' id='word_1_1' title='bbox 249 610 268 640; x_wconf 88' lang='lat'>5</span> 
     </span>
    </p>
   </div>
   <div class='ocr_carea' id='block_1_2' title="bbox 226 927 271 957">
    <p class='ocr_par' dir='ltr' id='par_1_2' title="bbox 226 927 271 957">
     <span class='ocr_line' id='line_1_2' title="bbox 226 927 271 957; baseline -0.022 -4"><span class='ocrx_word' id='word_1_2' title='bbox 226 927 271 957; x_wconf 73' lang='lat'>]‹›</span> 
     </span>
    </p>
   </div>
   <div class='ocr_carea' id='block_1_3' title="bbox 227 1246 271 1278">
    <p class='ocr_par' dir='ltr' id='par_1_3' title="bbox 227 1246 271 1278">
     <span class='ocr_line' id='line_1_3' title="bbox 227 1246 271 1278; baseline 0.023 -1"><span class='ocrx_word' id='word_1_3' title='bbox 227 1246 271 1278; x_wconf 84' lang='lat'>15</span> 
     </span>
    </p>
   </div>
   <div class='ocr_carea' id='block_1_4' title="bbox 226 1567 273 1601">
    <p class='ocr_par' dir='ltr' id='par_1_4' title="bbox 226 1567 273 1601">
     <span class='ocr_line' id='line_1_4' title="bbox 226 1567 273 1601; baseline 0 -1"><span class='ocrx_word' id='word_1_4' title='bbox 226 1567 273 1601; x_wconf 76' lang='lat'>20</span> 
     </span>
    </p>
   </div>
   <div class='ocr_carea' id='block_1_5' title="bbox 876 235 1135 273">
    <p class='ocr_par' dir='ltr' id='par_1_5' title="bbox 876 235 1135 273">
     <span class='ocr_line' id='line_1_5' title="bbox 876 235 1135 273; baseline 0 -9"><span class='ocrx_word' id='word_1_5' title='bbox 876 235 1135 273; x_wconf 62' lang='lat'>-72-</span> 
     </span>
    </p>
   </div>
   <div class='ocr_carea' id='block_1_6' title="bbox 293 346 1712 1678">
    <p class='ocr_par' dir='ltr' id='par_1_6' title="bbox 293 346 1712 1678">
     <span class='ocr_line' id='line_1_6' title="bbox 294 346 1708 397; baseline -0.002 -10"><span class='ocrx_word' id='word_1_6' title='bbox 294 349 439 388; x_wconf 88' lang='lat' dir='ltr'>dehinc</span> <span class='ocrx_word' id='word_1_7' title='bbox 467 347 678 397; x_wconf 85' lang='lat' dir='ltr'>Lycaonia</span> <span class='ocrx_word' id='word_1_8' title='bbox 713 347 754 384; x_wconf 89' lang='lat' dir='ltr'>in</span> <span class='ocrx_word' id='word_1_9' title='bbox 782 346 1004 385; x_wconf 75' lang='lat' dir='ltr'><strong>Asiaticam</strong></span> <span class='ocrx_word' id='word_1_10' title='bbox 1035 346 1348 385; x_wconf 75' lang='lat' dir='ltr'>iurisdictionem</span> <span class='ocrx_word' id='word_1_11' title='bbox 1377 360 1495 385; x_wconf 84' lang='lat' dir='ltr'>versa</span> <span class='ocrx_word' id='word_1_12' title='bbox 1524 360 1624 395; x_wconf 86' lang='lat' dir='ltr'>quae</span> <span class='ocrx_word' id='word_1_13' title='bbox 1652 347 1708 384; x_wconf 78' lang='lat' dir='ltr'>ab</span> 
     </span>
     <span class='ocr_line' id='line_1_7' title="bbox 300 409 1708 463; baseline -0.001 -13"><span class='ocrx_word' id='word_1_14' title='bbox 300 413 367 450; x_wconf 87' lang='lat' dir='ltr'>illa</span> <span class='ocrx_word' id='word_1_15' title='bbox 395 415 520 463; x_wconf 89' lang='lat' dir='ltr'>parte,</span> <span class='ocrx_word' id='word_1_16' title='bbox 551 424 630 459; x_wconf 88' lang='lat' dir='ltr'>qua</span> <span class='ocrx_word' id='word_1_17' title='bbox 650 410 834 449; x_wconf 72' lang='lat' dir='ltr'>Galatiae</span> <span class='ocrx_word' id='word_1_18' title='bbox 863 409 1113 448; x_wconf 89' lang='lat' dir='ltr'>contermina</span> <span class='ocrx_word' id='word_1_19' title='bbox 1137 415 1210 460; x_wconf 90' lang='lat' dir='ltr'>est,</span> <span class='ocrx_word' id='word_1_20' title='bbox 1241 410 1364 448; x_wconf 88' lang='lat' dir='ltr'>habet</span> <span class='ocrx_word' id='word_1_21' title='bbox 1384 410 1569 449; x_wconf 86' lang='lat' dir='ltr'>civitates</span> <span class='ocrx_word' id='word_1_22' title='bbox 1589 415 1708 459; x_wconf 80' lang='lat' dir='ltr'>quat-</span> 
     </span>
     <span class='ocr_line' id='line_1_8' title="bbox 297 473 1710 524; baseline -0.001 -12"><span class='ocrx_word' id='word_1_23' title='bbox 297 474 535 515; x_wconf 87' lang='lat' dir='ltr'>tuordecim.</span> <span class='ocrx_word' id='word_1_24' title='bbox 590 474 743 513; x_wconf 88' lang='lat' dir='ltr'>Verum</span> <span class='ocrx_word' id='word_1_25' title='bbox 772 473 1037 523; x_wconf 85' lang='lat' dir='ltr'>Pamphyliae</span> <span class='ocrx_word' id='word_1_26' title='bbox 1073 474 1211 512; x_wconf 90' lang='lat' dir='ltr'>iuncta</span> <span class='ocrx_word' id='word_1_27' title='bbox 1241 473 1401 523; x_wconf 88' lang='lat' dir='ltr'>Cilicia,</span> <span class='ocrx_word' id='word_1_28' title='bbox 1447 487 1525 522; x_wconf 85' lang='lat' dir='ltr'>qua</span> <span class='ocrx_word' id='word_1_29' title='bbox 1561 473 1710 524; x_wconf 83' lang='lat' dir='ltr'>incipit</span> 
     </span>
     <span class='ocr_line' id='line_1_9' title="bbox 293 537 1705 588; baseline -0.001 -11"><span class='ocrx_word' id='word_1_30' title='bbox 293 552 408 577; x_wconf 86' lang='lat' dir='ltr'>mons</span> <span class='ocrx_word' id='word_1_31' title='bbox 438 538 618 586; x_wconf 49' lang='lat' dir='ltr'>Taurus5</span> <span class='ocrx_word' id='word_1_32' title='bbox 654 551 758 588; x_wconf 90' lang='lat' dir='ltr'>pene</span> <span class='ocrx_word' id='word_1_33' title='bbox 786 537 1039 577; x_wconf 89' lang='lat' dir='ltr'>mediatenus</span> <span class='ocrx_word' id='word_1_34' title='bbox 1070 538 1179 577; x_wconf 91' lang='lat' dir='ltr'>orbis</span> <span class='ocrx_word' id='word_1_35' title='bbox 1208 538 1412 587; x_wconf 88' lang='lat' dir='ltr'>conscius,</span> <span class='ocrx_word' id='word_1_36' title='bbox 1445 551 1563 586; x_wconf 84' lang='lat' dir='ltr'>quem</span> <span class='ocrx_word' id='word_1_37' title='bbox 1591 551 1705 588; x_wconf 86' lang='lat' dir='ltr'>pera·</span> 
     </span>
     <span class='ocr_line' id='line_1_10' title="bbox 294 600 1711 652; baseline -0.002 -11"><span class='ocrx_word' id='word_1_38' title='bbox 294 607 450 652; x_wconf 86' lang='lat' dir='ltr'>graret,</span> <span class='ocrx_word' id='word_1_39' title='bbox 492 603 573 640; x_wconf 89' lang='lat' dir='ltr'>nisi</span> <span class='ocrx_word' id='word_1_40' title='bbox 614 603 741 640; x_wconf 88' lang='lat' dir='ltr'>maria</span> <span class='ocrx_word' id='word_1_41' title='bbox 782 601 1041 640; x_wconf 72' lang='lat' dir='ltr'>restitissent.</span> <span class='ocrx_word' id='word_1_42' title='bbox 1099 601 1210 648; x_wconf 84' lang='lat' dir='ltr'>Quae</span> <span class='ocrx_word' id='word_1_43' title='bbox 1246 601 1462 650; x_wconf 85' lang='lat' dir='ltr'>aliquando</span> <span class='ocrx_word' id='word_1_44' title='bbox 1498 600 1711 639; x_wconf 81' lang='lat' dir='ltr'>flexuosus.</span> 
     </span>
     <span class='ocr_line' id='line_1_11' title="bbox 295 664 1704 716; baseline -0.003 -10"><span class='ocrx_word' id='word_1_45' title='bbox 295 667 430 706; x_wconf 87' lang='lat' dir='ltr'>evadit</span> <span class='ocrx_word' id='word_1_46' title='bbox 450 670 490 704; x_wconf 93' lang='lat' dir='ltr'>et</span> <span class='ocrx_word' id='word_1_47' title='bbox 509 667 551 703; x_wconf 93' lang='lat' dir='ltr'>in</span> <span class='ocrx_word' id='word_1_48' title='bbox 570 666 822 716; x_wconf 83' lang='lat' dir='ltr'>Ripheorum</span> <span class='ocrx_word' id='word_1_49' title='bbox 851 666 1047 704; x_wconf 88' lang='lat' dir='ltr'>montium</span> <span class='ocrx_word' id='word_1_50' title='bbox 1075 666 1170 715; x_wconf 91' lang='lat' dir='ltr'>iuga</span> <span class='ocrx_word' id='word_1_51' title='bbox 1198 666 1272 704; x_wconf 93' lang='lat' dir='ltr'>sub</span> <span class='ocrx_word' id='word_1_52' title='bbox 1302 665 1508 703; x_wconf 90' lang='lat' dir='ltr'>nominum</span> <span class='ocrx_word' id='word_1_53' title='bbox 1537 664 1704 702; x_wconf 86' lang='lat' dir='ltr'>diversi-</span> 
     </span>
     <span class='ocr_line' id='line_1_12' title="bbox 295 727 1706 781; baseline -0.002 -12"><span class='ocrx_word' id='word_1_54' title='bbox 295 736 377 769; x_wconf 85' lang='lat' dir='ltr'>tate</span> <span class='ocrx_word' id='word_1_55' title='bbox 405 731 674 781; x_wconf 83' lang='lat' dir='ltr'>protenditur.</span> <span class='ocrx_word' id='word_1_56' title='bbox 730 730 834 768; x_wconf 87' lang='lat' dir='ltr'>Nam</span> <span class='ocrx_word' id='word_1_57' title='bbox 869 730 975 768; x_wconf 90' lang='lat' dir='ltr'>inter</span> <span class='ocrx_word' id='word_1_58' title='bbox 1009 735 1168 768; x_wconf 86' lang='lat' dir='ltr'>caetera</span> <span class='ocrx_word' id='word_1_59' title='bbox 1203 730 1364 768; x_wconf 84' lang='lat' dir='ltr'>nomina</span> <span class='ocrx_word' id='word_1_60' title='bbox 1392 728 1500 766; x_wconf 90' lang='lat' dir='ltr'>idem</span> <span class='ocrx_word' id='word_1_61' title='bbox 1537 727 1706 766; x_wconf 83' lang='lat' dir='ltr'>Nefetes</span> 
     </span>
     <span class='ocr_line' id='line_1_13' title="bbox 297 791 1708 844; baseline -0.002 -12"><span class='ocrx_word' id='word_1_62' title='bbox 297 800 360 833; x_wconf 84' lang='lat' dir='ltr'>est</span> <span class='ocrx_word' id='word_1_63' title='bbox 397 794 604 832; x_wconf 82' lang='lat' dir='ltr'>Caucasus</span> <span class='ocrx_word' id='word_1_64' title='bbox 643 798 684 831; x_wconf 90' lang='lat' dir='ltr'>et</span> <span class='ocrx_word' id='word_1_65' title='bbox 721 793 941 844; x_wconf 77' lang='lat' dir='ltr'>Sarpedon.</span> <span class='ocrx_word' id='word_1_66' title='bbox 998 793 1213 831; x_wconf 86' lang='lat' dir='ltr'>Portarum</span> <span class='ocrx_word' id='word_1_67' title='bbox 1256 794 1376 831; x_wconf 90' lang='lat' dir='ltr'>etiam</span> <span class='ocrx_word' id='word_1_68' title='bbox 1414 791 1578 831; x_wconf 78' lang='lat' dir='ltr'>nomina</span> <span class='ocrx_word' id='word_1_69' title='bbox 1616 805 1708 830; x_wconf 89' lang='lat' dir='ltr'>cen-</span> 
     </span>
     <span class='ocr_line' id='line_1_14' title="bbox 296 856 1708 908; baseline -0.002 -12"><span class='ocrx_word' id='word_1_70' title='bbox 296 862 436 897; x_wconf 89' lang='lat' dir='ltr'>sentur</span> <span class='ocrx_word' id='word_1_71' title='bbox 465 862 505 896; x_wconf 89' lang='lat' dir='ltr'>et</span> <span class='ocrx_word' id='word_1_72' title='bbox 533 858 630 896; x_wconf 90' lang='lat' dir='ltr'>alibi</span> <span class='ocrx_word' id='word_1_73' title='bbox 659 858 887 907; x_wconf 70' lang='lat' dir='ltr'>Ermeniae7</span> <span class='ocrx_word' id='word_1_74' title='bbox 917 857 1011 895; x_wconf 91' lang='lat' dir='ltr'>alibi</span> <span class='ocrx_word' id='word_1_75' title='bbox 1041 857 1223 908; x_wconf 86' lang='lat' dir='ltr'>Caspiae.</span> <span class='ocrx_word' id='word_1_76' title='bbox 1265 857 1322 894; x_wconf 88' lang='lat' dir='ltr'>Et</span> <span class='ocrx_word' id='word_1_77' title='bbox 1349 857 1456 894; x_wconf 91' lang='lat' dir='ltr'>idem</span> <span class='ocrx_word' id='word_1_78' title='bbox 1484 856 1708 905; x_wconf 74' lang='lat' dir='ltr'>Mireanus,</span> 
     </span>
     <span class='ocr_line' id='line_1_15' title="bbox 297 919 1712 972; baseline -0.001 -12"><span class='ocrx_word' id='word_1_79' title='bbox 297 922 530 971; x_wconf 54' lang='lat' dir='ltr'>Coraxicus„</span> <span class='ocrx_word' id='word_1_80' title='bbox 562 922 792 972; x_wconf 80' lang='lat' dir='ltr'>Soithyous,</span> <span class='ocrx_word' id='word_1_81' title='bbox 824 921 1043 960; x_wconf 87' lang='lat' dir='ltr'>Ceraunias</span> <span class='ocrx_word' id='word_1_82' title='bbox 1074 921 1314 972; x_wconf 88' lang='lat' dir='ltr'>appellatur.</span> <span class='ocrx_word' id='word_1_83' title='bbox 1369 921 1416 958; x_wconf 89' lang='lat' dir='ltr'>In</span> <span class='ocrx_word' id='word_1_84' title='bbox 1444 919 1573 970; x_wconf 81' lang='lat' dir='ltr'>Lycia</span> <span class='ocrx_word' id='word_1_85' title='bbox 1602 920 1712 958; x_wconf 79' lang='lat' dir='ltr'>alius</span> 
     </span>
     <span class='ocr_line' id='line_1_16' title="bbox 295 985 1710 1036; baseline -0.003 -12"><span class='ocrx_word' id='word_1_86' title='bbox 295 999 411 1025; x_wconf 90' lang='lat' dir='ltr'>mons</span> <span class='ocrx_word' id='word_1_87' title='bbox 433 986 604 1036; x_wconf 88' lang='lat' dir='ltr'>Cymera</span> <span class='ocrx_word' id='word_1_88' title='bbox 633 985 821 1024; x_wconf 85' lang='lat' dir='ltr'>noctibus</span> <span class='ocrx_word' id='word_1_89' title='bbox 850 985 1046 1035; x_wconf 80' lang='lat' dir='ltr'>fiagrans3</span> <span class='ocrx_word' id='word_1_90' title='bbox 1079 986 1178 1024; x_wconf 87' lang='lat' dir='ltr'>haec</span> <span class='ocrx_word' id='word_1_91' title='bbox 1207 985 1349 1023; x_wconf 88' lang='lat' dir='ltr'>habuit</span> <span class='ocrx_word' id='word_1_92' title='bbox 1378 985 1528 1035; x_wconf 82' lang='lat' dir='ltr'>oppida</span> <span class='ocrx_word' id='word_1_93' title='bbox 1549 989 1710 1033; x_wconf 78' lang='lat' dir='ltr'>septua-</span> 
     </span>
     <span class='ocr_line' id='line_1_17' title="bbox 296 1048 1706 1100; baseline -0.002 -12"><span class='ocrx_word' id='word_1_94' title='bbox 296 1051 422 1100; x_wconf 62' lang='lat' dir='ltr'>ginta7</span> <span class='ocrx_word' id='word_1_95' title='bbox 451 1063 558 1088; x_wconf 90' lang='lat' dir='ltr'>nunc</span> <span class='ocrx_word' id='word_1_96' title='bbox 586 1050 756 1099; x_wconf 87' lang='lat' dir='ltr'>triginta</span> <span class='ocrx_word' id='word_1_97' title='bbox 784 1063 855 1088; x_wconf 82' lang='lat' dir='ltr'>sex</span> <span class='ocrx_word' id='word_1_98' title='bbox 884 1054 990 1088; x_wconf 89' lang='lat' dir='ltr'>sunt.</span> <span class='ocrx_word' id='word_1_99' title='bbox 1047 1049 1280 1088; x_wconf 81' lang='lat' dir='ltr'>Telmessus</span> <span class='ocrx_word' id='word_1_100' title='bbox 1318 1049 1510 1099; x_wconf 84' lang='lat' dir='ltr'>oppidum</span> <span class='ocrx_word' id='word_1_101' title='bbox 1545 1048 1706 1097; x_wconf 87' lang='lat' dir='ltr'>dicitur,</span> 
     </span>
     <span class='ocr_line' id='line_1_18' title="bbox 297 1113 1711 1165; baseline -0.001 -13"><span class='ocrx_word' id='word_1_102' title='bbox 297 1128 374 1163; x_wconf 86' lang='lat' dir='ltr'>quo</span> <span class='ocrx_word' id='word_1_103' title='bbox 403 1114 543 1152; x_wconf 88' lang='lat' dir='ltr'>finitur</span> <span class='ocrx_word' id='word_1_104' title='bbox 576 1114 703 1165; x_wconf 75' lang='lat' dir='ltr'>Lycia.</span> <span class='ocrx_word' id='word_1_105' title='bbox 761 1114 868 1152; x_wconf 88' lang='lat' dir='ltr'>Hinc</span> <span class='ocrx_word' id='word_1_106' title='bbox 896 1113 1123 1151; x_wconf 87' lang='lat' dir='ltr'>Asiaticum</span> <span class='ocrx_word' id='word_1_107' title='bbox 1152 1114 1239 1152; x_wconf 81' lang='lat' dir='ltr'>sive</span> <span class='ocrx_word' id='word_1_108' title='bbox 1278 1113 1569 1163; x_wconf 88' lang='lat' dir='ltr'>Carphathium</span> <span class='ocrx_word' id='word_1_109' title='bbox 1598 1125 1711 1150; x_wconf 86' lang='lat' dir='ltr'>mare</span> 
     </span>
     <span class='ocr_line' id='line_1_19' title="bbox 296 1176 1707 1228; baseline -0.002 -12"><span class='ocrx_word' id='word_1_110' title='bbox 296 1184 336 1216; x_wconf 92' lang='lat' dir='ltr'>et</span> <span class='ocrx_word' id='word_1_111' title='bbox 364 1178 476 1227; x_wconf 87' lang='lat' dir='ltr'>regio</span> <span class='ocrx_word' id='word_1_112' title='bbox 507 1191 610 1226; x_wconf 84' lang='lat' dir='ltr'>quae</span> <span class='ocrx_word' id='word_1_113' title='bbox 638 1178 826 1228; x_wconf 77' lang='lat' dir='ltr'>propriae</span> <span class='ocrx_word' id='word_1_114' title='bbox 855 1182 1024 1216; x_wconf 80' lang='lat' dir='ltr'>vocatur</span> <span class='ocrx_word' id='word_1_115' title='bbox 1052 1177 1171 1226; x_wconf 89' lang='lat' dir='ltr'>Asia,</span> <span class='ocrx_word' id='word_1_116' title='bbox 1209 1177 1273 1215; x_wconf 89' lang='lat' dir='ltr'>cui</span> <span class='ocrx_word' id='word_1_117' title='bbox 1302 1178 1350 1215; x_wconf 88' lang='lat' dir='ltr'>ab</span> <span class='ocrx_word' id='word_1_118' title='bbox 1382 1176 1536 1215; x_wconf 90' lang='lat' dir='ltr'>oriente</span> <span class='ocrx_word' id='word_1_119' title='bbox 1566 1176 1707 1225; x_wconf 84' lang='lat' dir='ltr'>Frigia</span> 
     </span>
     <span class='ocr_line' id='line_1_20' title="bbox 298 1240 1706 1292; baseline -0.001 -12"><span class='ocrx_word' id='word_1_120' title='bbox 298 1246 338 1280; x_wconf 89' lang='lat' dir='ltr'>et</span> <span class='ocrx_word' id='word_1_121' title='bbox 356 1242 574 1292; x_wconf 83' lang='lat' dir='ltr'>Lycaonia,</span> <span class='ocrx_word' id='word_1_122' title='bbox 605 1255 628 1279; x_wconf 90' lang='lat' dir='ltr'>a</span> <span class='ocrx_word' id='word_1_123' title='bbox 657 1242 934 1291; x_wconf 81' lang='lat' dir='ltr'>septentrione</span> <span class='ocrx_word' id='word_1_124' title='bbox 955 1241 1190 1290; x_wconf 85' lang='lat' dir='ltr'>Paflagonia</span> <span class='ocrx_word' id='word_1_125' title='bbox 1218 1246 1292 1279; x_wconf 91' lang='lat' dir='ltr'>est.</span> <span class='ocrx_word' id='word_1_126' title='bbox 1331 1240 1465 1278; x_wconf 88' lang='lat' dir='ltr'>Huius</span> <span class='ocrx_word' id='word_1_127' title='bbox 1494 1240 1706 1288; x_wconf 82' lang='lat' dir='ltr'>longitudo</span> 
     </span>
     <span class='ocr_line' id='line_1_21' title="bbox 297 1303 1710 1356; baseline -0.002 -13"><span class='ocrx_word' id='word_1_128' title='bbox 297 1306 594 1355; x_wconf 82' lang='lat' dir='ltr'>quadringenta</span> <span class='ocrx_word' id='word_1_129' title='bbox 623 1306 733 1343; x_wconf 90' lang='lat' dir='ltr'>milia</span> <span class='ocrx_word' id='word_1_130' title='bbox 761 1319 954 1356; x_wconf 85' lang='lat' dir='ltr'>passuum</span> <span class='ocrx_word' id='word_1_131' title='bbox 984 1313 1049 1349; x_wconf 82' lang='lat' dir='ltr'>est,</span> <span class='ocrx_word' id='word_1_132' title='bbox 1078 1305 1250 1343; x_wconf 82' lang='lat' dir='ltr'>latitudo</span> <span class='ocrx_word' id='word_1_133' title='bbox 1280 1309 1471 1343; x_wconf 81' lang='lat' dir='ltr'>trecenta.</span> <span class='ocrx_word' id='word_1_134' title='bbox 1516 1303 1710 1341; x_wconf 86' lang='lat' dir='ltr'>Armenia</span> 
     </span>
     <span class='ocr_line' id='line_1_22' title="bbox 296 1367 1710 1419; baseline -0.001 -13"><span class='ocrx_word' id='word_1_135' title='bbox 296 1370 465 1408; x_wconf 87' lang='lat' dir='ltr'>ulterior</span> <span class='ocrx_word' id='word_1_136' title='bbox 504 1371 553 1407; x_wconf 91' lang='lat' dir='ltr'>ab</span> <span class='ocrx_word' id='word_1_137' title='bbox 597 1370 771 1419; x_wconf 88' lang='lat' dir='ltr'>oriente,</span> <span class='ocrx_word' id='word_1_138' title='bbox 816 1383 839 1407; x_wconf 86' lang='lat' dir='ltr'>a</span> <span class='ocrx_word' id='word_1_139' title='bbox 881 1369 1159 1419; x_wconf 86' lang='lat' dir='ltr'>septentrione</span> <span class='ocrx_word' id='word_1_140' title='bbox 1203 1369 1386 1409; x_wconf 87' lang='lat' dir='ltr'>Pontica.</span> <span class='ocrx_word' id='word_1_141' title='bbox 1442 1368 1490 1406; x_wconf 91' lang='lat' dir='ltr'>In</span> <span class='ocrx_word' id='word_1_142' title='bbox 1526 1367 1710 1418; x_wconf 81' lang='lat' dir='ltr'>proximo</span> 
     </span>
     <span class='ocr_line' id='line_1_23' title="bbox 299 1432 1712 1484; baseline -0.002 -12"><span class='ocrx_word' id='word_1_143' title='bbox 299 1434 416 1472; x_wconf 88' lang='lat' dir='ltr'>Caria</span> <span class='ocrx_word' id='word_1_144' title='bbox 452 1439 531 1484; x_wconf 82' lang='lat' dir='ltr'>est,</span> <span class='ocrx_word' id='word_1_145' title='bbox 575 1448 667 1473; x_wconf 86' lang='lat' dir='ltr'>mox</span> <span class='ocrx_word' id='word_1_146' title='bbox 704 1434 854 1472; x_wconf 86' lang='lat' dir='ltr'>Alania</span> <span class='ocrx_word' id='word_1_147' title='bbox 890 1439 930 1472; x_wconf 93' lang='lat' dir='ltr'>et</span> <span class='ocrx_word' id='word_1_148' title='bbox 964 1434 1072 1472; x_wconf 83' lang='lat' dir='ltr'>ultra</span> <span class='ocrx_word' id='word_1_149' title='bbox 1102 1433 1238 1472; x_wconf 90' lang='lat' dir='ltr'>Coilis.</span> <span class='ocrx_word' id='word_1_150' title='bbox 1294 1433 1418 1472; x_wconf 83' lang='lat' dir='ltr'>Redit</span> <span class='ocrx_word' id='word_1_151' title='bbox 1453 1433 1492 1471; x_wconf 89' lang='lat' dir='ltr'>in</span> <span class='ocrx_word' id='word_1_152' title='bbox 1529 1432 1712 1481; x_wconf 83' lang='lat' dir='ltr'>Frigiam</span> 
     </span>
     <span class='ocr_line' id='line_1_24' title="bbox 299 1496 1709 1548; baseline -0.001 -12"><span class='ocrx_word' id='word_1_153' title='bbox 299 1497 444 1536; x_wconf 89' lang='lat' dir='ltr'>Celene</span> <span class='ocrx_word' id='word_1_154' title='bbox 481 1502 600 1537; x_wconf 87' lang='lat' dir='ltr'>antea</span> <span class='ocrx_word' id='word_1_155' title='bbox 630 1500 730 1536; x_wconf 69' lang='lat' dir='ltr'>(licta</span> <span class='ocrx_word' id='word_1_156' title='bbox 759 1498 800 1535; x_wconf 90' lang='lat' dir='ltr'>in</span> <span class='ocrx_word' id='word_1_157' title='bbox 829 1497 1071 1548; x_wconf 88' lang='lat' dir='ltr'>Appamiam</span> <span class='ocrx_word' id='word_1_158' title='bbox 1111 1502 1364 1537; x_wconf 85' lang='lat' dir='ltr'>commutata.</span> <span class='ocrx_word' id='word_1_159' title='bbox 1421 1497 1507 1535; x_wconf 91' lang='lat' dir='ltr'>Illic</span> <span class='ocrx_word' id='word_1_160' title='bbox 1535 1496 1709 1534; x_wconf 82' lang='lat' dir='ltr'>Marsias</span> 
     </span>
     <span class='ocr_line' id='line_1_25' title="bbox 298 1561 1712 1610; baseline -0.001 -11"><span class='ocrx_word' id='word_1_161' title='bbox 298 1567 338 1600; x_wconf 90' lang='lat' dir='ltr'>et</span> <span class='ocrx_word' id='word_1_162' title='bbox 365 1562 546 1600; x_wconf 90' lang='lat' dir='ltr'>nascitur</span> <span class='ocrx_word' id='word_1_163' title='bbox 574 1568 615 1601; x_wconf 86' lang='lat' dir='ltr'>et</span> <span class='ocrx_word' id='word_1_164' title='bbox 643 1563 791 1601; x_wconf 85' lang='lat' dir='ltr'>occidit</span> <span class='ocrx_word' id='word_1_165' title='bbox 820 1567 860 1601; x_wconf 91' lang='lat' dir='ltr'>et</span> <span class='ocrx_word' id='word_1_166' title='bbox 887 1561 1011 1601; x_wconf 89' lang='lat' dir='ltr'>fluvio</span> <span class='ocrx_word' id='word_1_167' title='bbox 1040 1575 1186 1600; x_wconf 89' lang='lat' dir='ltr'>nomen</span> <span class='ocrx_word' id='word_1_168' title='bbox 1218 1562 1331 1600; x_wconf 87' lang='lat' dir='ltr'>dedit</span> <span class='ocrx_word' id='word_1_169' title='bbox 1350 1566 1391 1599; x_wconf 94' lang='lat' dir='ltr'>et</span> <span class='ocrx_word' id='word_1_170' title='bbox 1410 1574 1500 1599; x_wconf 87' lang='lat' dir='ltr'>cum</span> <span class='ocrx_word' id='word_1_171' title='bbox 1519 1561 1712 1610; x_wconf 86' lang='lat' dir='ltr'>Apolline</span> 
     </span>
     <span class='ocr_line' id='line_1_26' title="bbox 298 1625 1709 1678; baseline -0.001 -14"><span class='ocrx_word' id='word_1_172' title='bbox 298 1627 532 1666; x_wconf 82' lang='lat' dir='ltr'>decertavit.</span> <span class='ocrx_word' id='word_1_173' title='bbox 588 1627 775 1676; x_wconf 80' lang='lat' dir='ltr'>Denique</span> <span class='ocrx_word' id='word_1_174' title='bbox 810 1641 903 1678; x_wconf 88' lang='lat' dir='ltr'>pars</span> <span class='ocrx_word' id='word_1_175' title='bbox 939 1627 1025 1666; x_wconf 86' lang='lat' dir='ltr'>eius</span> <span class='ocrx_word' id='word_1_176' title='bbox 1053 1627 1308 1666; x_wconf 87' lang='lat' dir='ltr'>Aulocrenoe</span> <span class='ocrx_word' id='word_1_177' title='bbox 1344 1626 1564 1675; x_wconf 87' lang='lat' dir='ltr'>vocitatur,</span> <span class='ocrx_word' id='word_1_178' title='bbox 1601 1625 1709 1663; x_wconf 89' lang='lat' dir='ltr'>unde</span> 
     </span>
    </p>
   </div>
   <div class='ocr_carea' id='block_1_7' title="bbox 407 1836 1710 1887">
    <p class='ocr_par' dir='ltr' id='par_1_7' title="bbox 407 1836 1710 1887">
     <span class='ocr_line' id='line_1_27' title="bbox 407 1836 1710 1887; baseline -0.001 -14"><span class='ocrx_word' id='word_1_179' title='bbox 407 1838 424 1873; x_wconf 91' lang='lat'>1</span> <span class='ocrx_word' id='word_1_180' title='bbox 458 1850 489 1874; x_wconf 93' lang='lat' dir='ltr'>c.</span> <span class='ocrx_word' id='word_1_181' title='bbox 520 1836 840 1883; x_wconf 65' lang='lat' dir='ltr'>iurisdictionem</span> <span class='ocrx_word' id='word_1_182' title='bbox 871 1836 1087 1875; x_wconf 89' lang='lat' dir='ltr'>dictionem</span> <span class='ocrx_word' id='word_1_183' title='bbox 1117 1836 1239 1875; x_wconf 75' lang='lat' dir='ltr'>Mart.</span> <span class='ocrx_word' id='word_1_184' title='bbox 1272 1836 1329 1887; x_wconf 85' lang='lat' dir='ltr'>(b)</span> <span class='ocrx_word' id='word_1_185' title='bbox 1448 1849 1478 1873; x_wconf 85' lang='lat' dir='ltr'>c.</span> <span class='ocrx_word' id='word_1_186' title='bbox 1509 1848 1710 1883; x_wconf 72' lang='lat' dir='ltr'>versaque</span> 
     </span>
    </p>
   </div>
   <div class='ocr_carea' id='block_1_8' title="bbox 299 1909 1711 2683">
    <p class='ocr_par' dir='ltr' id='par_1_8' title="bbox 299 1909 1711 2683">
     <span class='ocr_line' id='line_1_28' title="bbox 299 1909 1707 1987; baseline -0.001 -13"><span class='ocrx_word' id='word_1_187' title='bbox 299 1949 397 1975; x_wconf 82' lang='lat' dir='ltr'>corr.</span> <span class='ocrx_word' id='word_1_188' title='bbox 427 1949 529 1984; x_wconf 83' lang='lat' dir='ltr'>quae</span> <span class='ocrx_word' id='word_1_189' title='bbox 639 1939 661 1974; x_wconf 84' lang='lat'><strong>3</strong></span> <span class='ocrx_word' id='word_1_190' title='bbox 691 1949 724 1975; x_wconf 82' lang='lat' dir='ltr'>c.</span> <span class='ocrx_word' id='word_1_191' title='bbox 753 1909 846 1974; x_wconf 89' lang='lat' dir='ltr'>licia</span> <span class='ocrx_word' id='word_1_192' title='bbox 874 1935 923 1974; x_wconf 91' lang='lat' dir='ltr'><em>M</em></span> <span class='ocrx_word' id='word_1_193' title='bbox 931 1937 939 1962; x_wconf 79' lang='lat'><strong>¹</strong></span> <span class='ocrx_word' id='word_1_194' title='bbox 974 1935 1102 1985; x_wconf 89' lang='lat' dir='ltr'>Lycia</span> <span class='ocrx_word' id='word_1_195' title='bbox 1131 1935 1253 1975; x_wconf 77' lang='lat' dir='ltr'>Mart.</span> <span class='ocrx_word' id='word_1_196' title='bbox 1286 1936 1337 1987; x_wconf 88' lang='lat' dir='ltr'>(r)</span> <span class='ocrx_word' id='word_1_197' title='bbox 1429 1950 1449 1972; x_wconf 86' lang='lat' dir='ltr'>a</span> <span class='ocrx_word' id='word_1_198' title='bbox 1480 1948 1557 1983; x_wconf 81' lang='lat' dir='ltr'>qua</span> <span class='ocrx_word' id='word_1_199' title='bbox 1586 1933 1707 1972; x_wconf 73' lang='lat' dir='ltr'>Mart.</span> 
     </span>
     <span class='ocr_line' id='line_1_29' title="bbox 301 1999 1710 2051; baseline -0.001 -13"><span class='ocrx_word' id='word_1_200' title='bbox 301 2001 369 2051; x_wconf 91' lang='lat' dir='ltr'>(B)</span> <span class='ocrx_word' id='word_1_201' title='bbox 444 2001 467 2037; x_wconf 90' lang='grc'>6</span> <span class='ocrx_word' id='word_1_202' title='bbox 496 2000 742 2051; x_wconf 85' lang='lat' dir='ltr'>Ripaeorum</span> <span class='ocrx_word' id='word_1_203' title='bbox 773 1999 893 2038; x_wconf 80' lang='lat' dir='ltr'>Marc.</span> <span class='ocrx_word' id='word_1_204' title='bbox 925 1999 1040 2051; x_wconf 86' lang='lat' dir='ltr'>(BR)</span> <span class='ocrx_word' id='word_1_205' title='bbox 1116 2001 1138 2037; x_wconf 83' lang='lat'>7</span> <span class='ocrx_word' id='word_1_206' title='bbox 1168 2000 1366 2050; x_wconf 84' lang='lat' dir='ltr'>Niphates</span> <span class='ocrx_word' id='word_1_207' title='bbox 1398 1999 1515 2037; x_wconf 74' lang='lat' dir='ltr'>Mart.</span> <span class='ocrx_word' id='word_1_208' title='bbox 1586 1999 1612 2036; x_wconf 82' lang='lat'>8</span> <span class='ocrx_word' id='word_1_209' title='bbox 1639 2011 1710 2036; x_wconf 85' lang='lat' dir='ltr'>no·</span> 
     </span>
     <span class='ocr_line' id='line_1_30' title="bbox 299 2062 1710 2113; baseline -0.002 -11"><span class='ocrx_word' id='word_1_210' title='bbox 299 2065 406 2103; x_wconf 90' lang='lat' dir='ltr'>mine</span> <span class='ocrx_word' id='word_1_211' title='bbox 435 2068 624 2102; x_wconf 88' lang='lat' dir='ltr'>censetur</span> <span class='ocrx_word' id='word_1_212' title='bbox 645 2064 764 2102; x_wconf 66' lang='lat' dir='ltr'>Illam.</span> <span class='ocrx_word' id='word_1_213' title='bbox 846 2065 870 2101; x_wconf 82' lang='lat'>9</span> <span class='ocrx_word' id='word_1_214' title='bbox 900 2064 1115 2102; x_wconf 84' lang='lat' dir='ltr'>Armeniae</span> <span class='ocrx_word' id='word_1_215' title='bbox 1137 2063 1258 2102; x_wconf 72' lang='grc' dir='ltr'><em>Μανί.</em></span> <span class='ocrx_word' id='word_1_216' title='bbox 1342 2063 1447 2101; x_wconf 85' lang='lat' dir='ltr'>idem</span> <span class='ocrx_word' id='word_1_217' title='bbox 1476 2062 1710 2113; x_wconf 77' lang='lat' dir='ltr'>Hyrcanius</span> 
     </span>
     <span class='ocr_line' id='line_1_31' title="bbox 300 2128 1710 2180; baseline -0.001 -13"><span class='ocrx_word' id='word_1_218' title='bbox 300 2130 418 2168; x_wconf 79' lang='lat' dir='ltr'>Mart.</span> <span class='ocrx_word' id='word_1_219' title='bbox 451 2129 565 2179; x_wconf 85' lang='lat' dir='ltr'>(BR)</span> <span class='ocrx_word' id='word_1_220' title='bbox 626 2130 674 2167; x_wconf 90' lang='lat'>10</span> <span class='ocrx_word' id='word_1_221' title='bbox 695 2128 919 2166; x_wconf 86' lang='lat' dir='ltr'>Ceraunius</span> <span class='ocrx_word' id='word_1_222' title='bbox 949 2128 1069 2166; x_wconf 75' lang='lat' dir='ltr'>Mart.</span> <span class='ocrx_word' id='word_1_223' title='bbox 1103 2128 1217 2180; x_wconf 85' lang='lat' dir='ltr'>(BR)</span> <span class='ocrx_word' id='word_1_224' title='bbox 1277 2129 1321 2165; x_wconf 90' lang='lat'>11</span> <span class='ocrx_word' id='word_1_225' title='bbox 1347 2128 1556 2166; x_wconf 79' lang='lat' dir='ltr'>Chimaera</span> <span class='ocrx_word' id='word_1_226' title='bbox 1589 2128 1710 2167; x_wconf 76' lang='lat' dir='ltr'>Mart.</span> 
     </span>
     <span class='ocr_line' id='line_1_32' title="bbox 301 2192 1710 2244; baseline 0.001 -12"><span class='ocrx_word' id='word_1_227' title='bbox 301 2194 465 2244; x_wconf 87' lang='lat' dir='ltr'>(cimera</span> <span class='ocrx_word' id='word_1_228' title='bbox 499 2193 581 2230; x_wconf 82' lang='lat' dir='ltr'>BR</span> <span class='ocrx_word' id='word_1_229' title='bbox 672 2195 718 2231; x_wconf 77' lang='lat'>12</span> <span class='ocrx_word' id='word_1_230' title='bbox 750 2193 960 2231; x_wconf 87' lang='lat' dir='ltr'>Telmesus</span> <span class='ocrx_word' id='word_1_231' title='bbox 995 2192 1116 2231; x_wconf 67' lang='lat' dir='ltr'>Alarl.</span> <span class='ocrx_word' id='word_1_232' title='bbox 1216 2193 1264 2230; x_wconf 85' lang='lat'>13</span> <span class='ocrx_word' id='word_1_233' title='bbox 1294 2193 1419 2242; x_wconf 76' lang='lat' dir='ltr'>Lycia</span> <span class='ocrx_word' id='word_1_234' title='bbox 1456 2195 1550 2231; x_wconf 73' lang='lat' dir='ltr'>deest</span> <span class='ocrx_word' id='word_1_235' title='bbox 1589 2193 1710 2233; x_wconf 76' lang='lat' dir='ltr'>Mart.</span> 
     </span>
     <span class='ocr_line' id='line_1_33' title="bbox 300 2256 1709 2309; baseline 0.001 -14"><span class='ocrx_word' id='word_1_236' title='bbox 300 2257 562 2308; x_wconf 86' lang='lat' dir='ltr'>Carpathium</span> <span class='ocrx_word' id='word_1_237' title='bbox 590 2257 710 2295; x_wconf 74' lang='lat' dir='ltr'>Mart.</span> <span class='ocrx_word' id='word_1_238' title='bbox 804 2258 853 2294; x_wconf 81' lang='lat'>14</span> <span class='ocrx_word' id='word_1_239' title='bbox 880 2257 1062 2307; x_wconf 80' lang='lat' dir='ltr'>Phrygia</span> <span class='ocrx_word' id='word_1_240' title='bbox 1091 2256 1209 2295; x_wconf 80' lang='lat' dir='ltr'>Mart.</span> <span class='ocrx_word' id='word_1_241' title='bbox 1240 2257 1355 2308; x_wconf 90' lang='lat' dir='ltr'>(BD)</span> <span class='ocrx_word' id='word_1_242' title='bbox 1459 2258 1506 2295; x_wconf 81' lang='lat'>15</span> <span class='ocrx_word' id='word_1_243' title='bbox 1535 2258 1709 2309; x_wconf 86' lang='lat' dir='ltr'>Paphla-</span> 
     </span>
     <span class='ocr_line' id='line_1_34' title="bbox 299 2320 1711 2372; baseline 0.001 -12"><span class='ocrx_word' id='word_1_244' title='bbox 299 2321 420 2372; x_wconf 89' lang='lat' dir='ltr'>gonia</span> <span class='ocrx_word' id='word_1_245' title='bbox 447 2321 567 2361; x_wconf 75' lang='lat' dir='ltr'>Mart.</span> <span class='ocrx_word' id='word_1_246' title='bbox 598 2321 649 2371; x_wconf 92' lang='lat' dir='ltr'>(B</span> <span class='ocrx_word' id='word_1_247' title='bbox 662 2320 715 2372; x_wconf 91' lang='lat' dir='ltr'>D)</span> <span class='ocrx_word' id='word_1_248' title='bbox 779 2321 827 2358; x_wconf 90' lang='grc'>16</span> <span class='ocrx_word' id='word_1_249' title='bbox 857 2320 1154 2370; x_wconf 81' lang='lat' dir='ltr'>quadringenta</span> <span class='ocrx_word' id='word_1_250' title='bbox 1183 2321 1439 2372; x_wconf 78' lang='lat' dir='ltr'>septuaginta</span> <span class='ocrx_word' id='word_1_251' title='bbox 1469 2321 1588 2360; x_wconf 60' lang='lat' dir='ltr'>Alart.</span> <span class='ocrx_word' id='word_1_252' title='bbox 1647 2329 1711 2361; x_wconf 87' lang='lat' dir='ltr'>est</span> 
     </span>
     <span class='ocr_line' id='line_1_35' title="bbox 301 2385 1709 2437; baseline 0.002 -14"><span class='ocrx_word' id='word_1_253' title='bbox 301 2389 395 2425; x_wconf 78' lang='lat' dir='ltr'>deest</span> <span class='ocrx_word' id='word_1_254' title='bbox 427 2386 547 2425; x_wconf 55' lang='lat' dir='ltr'>Alart.</span> <span class='ocrx_word' id='word_1_255' title='bbox 621 2386 815 2424; x_wconf 86' lang='lat' dir='ltr'>Armenia</span> <span class='ocrx_word' id='word_1_256' title='bbox 844 2385 969 2424; x_wconf 84' lang='lat' dir='ltr'>altera</span> <span class='ocrx_word' id='word_1_257' title='bbox 998 2385 1117 2423; x_wconf 73' lang='grc' dir='ltr'><em>Μαι-Ι.</em></span> <span class='ocrx_word' id='word_1_258' title='bbox 1150 2385 1220 2437; x_wconf 93' lang='lat' dir='ltr'>(D)</span> <span class='ocrx_word' id='word_1_259' title='bbox 1325 2386 1373 2423; x_wconf 87' lang='grc'>18</span> <span class='ocrx_word' id='word_1_260' title='bbox 1403 2400 1493 2424; x_wconf 85' lang='lat' dir='ltr'>mox</span> <span class='ocrx_word' id='word_1_261' title='bbox 1522 2387 1636 2425; x_wconf 86' lang='lat' dir='ltr'>Ionia</span> <span class='ocrx_word' id='word_1_262' title='bbox 1669 2393 1709 2426; x_wconf 91' lang='lat' dir='ltr'>et</span> 
     </span>
     <span class='ocr_line' id='line_1_36' title="bbox 299 2450 1709 2501; baseline 0 -12"><span class='ocrx_word' id='word_1_263' title='bbox 299 2451 406 2489; x_wconf 86' lang='lat' dir='ltr'>ultra</span> <span class='ocrx_word' id='word_1_264' title='bbox 425 2451 565 2489; x_wconf 92' lang='lat' dir='ltr'>Aeolis</span> <span class='ocrx_word' id='word_1_265' title='bbox 586 2450 706 2489; x_wconf 75' lang='lat' dir='ltr'>Mart.</span> <span class='ocrx_word' id='word_1_266' title='bbox 731 2450 881 2501; x_wconf 84' lang='lat' dir='ltr'>(alania</span> <span class='ocrx_word' id='word_1_267' title='bbox 903 2480 910 2487; x_wconf 89' lang='lat'><strong>.</strong></span> <span class='ocrx_word' id='word_1_268' title='bbox 934 2480 940 2487; x_wconf 94' lang='lat'>.</span> <span class='ocrx_word' id='word_1_269' title='bbox 963 2450 1062 2488; x_wconf 90' lang='lat' dir='ltr'>eolis</span> <span class='ocrx_word' id='word_1_270' title='bbox 1092 2450 1146 2501; x_wconf 91' lang='lat' dir='ltr'>D)</span> <span class='ocrx_word' id='word_1_271' title='bbox 1231 2451 1425 2499; x_wconf 73' lang='lat' dir='ltr'>sequitur.</span> <span class='ocrx_word' id='word_1_272' title='bbox 1456 2451 1504 2488; x_wconf 87' lang='lat' dir='ltr'>In</span> <span class='ocrx_word' id='word_1_273' title='bbox 1527 2451 1709 2501; x_wconf 67' lang='lat' dir='ltr'>Phrygia</span> 
     </span>
     <span class='ocr_line' id='line_1_37' title="bbox 300 2514 1706 2567; baseline 0 -14"><span class='ocrx_word' id='word_1_274' title='bbox 300 2515 420 2554; x_wconf 75' lang='lat' dir='ltr'>Mart.</span> <span class='ocrx_word' id='word_1_275' title='bbox 451 2515 539 2566; x_wconf 84' lang='lat' dir='ltr'>(B1)</span> <span class='ocrx_word' id='word_1_276' title='bbox 675 2528 706 2553; x_wconf 88' lang='lat' dir='ltr'>c.</span> <span class='ocrx_word' id='word_1_277' title='bbox 737 2515 836 2564; x_wconf 72' lang='lat' dir='ltr'>redi,</span> <span class='ocrx_word' id='word_1_278' title='bbox 865 2527 964 2552; x_wconf 76' lang='lat' dir='ltr'>corr,</span> <span class='ocrx_word' id='word_1_279' title='bbox 994 2514 1101 2552; x_wconf 86' lang='lat' dir='ltr'>redit</span> <span class='ocrx_word' id='word_1_280' title='bbox 1214 2515 1259 2554; x_wconf 87' lang='grc'>19</span> <span class='ocrx_word' id='word_1_281' title='bbox 1290 2514 1459 2553; x_wconf 86' lang='lat' dir='ltr'>Celaene</span> <span class='ocrx_word' id='word_1_282' title='bbox 1490 2515 1613 2553; x_wconf 75' lang='lat' dir='ltr'>Mart.</span> <span class='ocrx_word' id='word_1_283' title='bbox 1637 2516 1706 2567; x_wconf 89' lang='lat' dir='ltr'>(B)</span> 
     </span>
     <span class='ocr_line' id='line_1_38' title="bbox 299 2579 1707 2631; baseline 0 -13"><span class='ocrx_word' id='word_1_284' title='bbox 299 2580 406 2619; x_wconf 81' lang='lat' dir='ltr'>dicta</span> <span class='ocrx_word' id='word_1_285' title='bbox 435 2581 531 2619; x_wconf 79' lang='lat' dir='ltr'>deest</span> <span class='ocrx_word' id='word_1_286' title='bbox 562 2579 683 2618; x_wconf 55' lang='lat' dir='ltr'>Illam.</span> <span class='ocrx_word' id='word_1_287' title='bbox 780 2580 991 2630; x_wconf 85' lang='lat' dir='ltr'>Apamiam</span> <span class='ocrx_word' id='word_1_288' title='bbox 1023 2579 1139 2618; x_wconf 77' lang='lat' dir='ltr'>Mart.</span> <span class='ocrx_word' id='word_1_289' title='bbox 1224 2581 1411 2630; x_wconf 74' lang='lat' dir='ltr'>Marsyas</span> <span class='ocrx_word' id='word_1_290' title='bbox 1433 2580 1552 2619; x_wconf 74' lang='lat' dir='ltr'>Mart.</span> <span class='ocrx_word' id='word_1_291' title='bbox 1585 2581 1707 2631; x_wconf 86' lang='lat' dir='ltr'>(BD)</span> 
     </span>
     <span class='ocr_line' id='line_1_39' title="bbox 300 2644 1645 2683; baseline 0.001 -2"><span class='ocrx_word' id='word_1_292' title='bbox 300 2646 351 2681; x_wconf 78' lang='lat'>20</span> <span class='ocrx_word' id='word_1_293' title='bbox 379 2650 419 2682; x_wconf 89' lang='lat' dir='ltr'>et</span> <span class='ocrx_word' id='word_1_294' title='bbox 448 2649 567 2683; x_wconf 83' lang='lat' dir='ltr'>natus</span> <span class='ocrx_word' id='word_1_295' title='bbox 597 2644 717 2682; x_wconf 76' lang='lat' dir='ltr'>Mart.</span> <span class='ocrx_word' id='word_1_296' title='bbox 776 2645 818 2681; x_wconf 80' lang='lat'>21</span> <span class='ocrx_word' id='word_1_297' title='bbox 855 2644 1082 2682; x_wconf 80' lang='lat' dir='ltr'>Aulocrene</span> <span class='ocrx_word' id='word_1_298' title='bbox 1113 2644 1233 2683; x_wconf 74' lang='lat' dir='ltr'>Mart.</span> <span class='ocrx_word' id='word_1_299' title='bbox 1290 2658 1310 2682; x_wconf 83' lang='lat' dir='ltr'>e</span> <span class='ocrx_word' id='word_1_300' title='bbox 1340 2658 1414 2682; x_wconf 71' lang='lat' dir='ltr'>voc</span> <span class='ocrx_word' id='word_1_301' title='bbox 1445 2647 1480 2683; x_wconf 75' lang='lat' dir='ltr'>in</span> <span class='ocrx_word' id='word_1_302' title='bbox 1511 2647 1645 2683; x_wconf 73' lang='lat' dir='ltr'>lacuna</span> 
     </span>
    </p>
   </div>
  </div>
 </body>
</html>
