1916 3254
712 274 968 309 —29—

641 432 732 486 [11]
773 432 829 473 De
862 432 1040 473 Corsica.

245 537 452 574 Dividitur
472 538 481 563 l
497 536 656 585 quidem
672 534 835 573 Corsica
849 547 871 571 a
887 533 1073 571 Sardinia
1091 533 1194 571 freto
1211 532 1356 582 viginti
1370 531 1534 576 milium,

141 601 272 640 cincta
299 601 498 650 Ligustici
526 598 711 648 aequoris
740 599 842 647 sinn,
872 597 923 635 ad
950 601 1205 648 prospectum
1235 597 1386 635 Italiae.
1424 595 1537 633 Haec

142 678 285 714 grecae
315 664 448 714 Cyrne
476 663 623 702 dicitur
651 676 674 700 a
703 662 836 712 Cyrno
865 661 1054 699 Herculis
1083 661 1163 699 filio
1192 660 1384 698 habitata.
1442 658 1535 697 Cor-

141 729 224 768 sica
251 741 346 767 vero
377 728 483 765 dicta
511 741 535 765 a
561 726 720 764 nomine
750 725 876 763 Corsa
910 724 1120 763 cuiusdam
1153 723 1331 763 mulieris
1360 723 1535 772 Liguris.
1585 729 1604 760 5

143 793 254 839 Quae
296 805 384 830 cum
427 798 585 828 taurum
627 803 675 827 ex
715 802 838 837 grege
876 802 993 836 quem
1033 802 1158 838 prope
1199 789 1317 826 litora
1358 788 1533 837 regebat,

141 862 352 894 transnare
380 854 542 892 solitum
568 857 688 900 atque
707 865 780 901 per
798 852 1013 889 intervalla
1037 865 1203 901 corpore
1223 857 1338 889 aucto
1359 864 1535 890 remeare

143 919 310 967 videret,
340 917 506 967 cupiens
535 916 639 954 scire
667 914 872 964 incognita
900 914 979 953 sibi
1006 915 1153 965 pabula
1171 921 1330 952 taurum
1350 928 1372 952 a
1392 915 1535 952 ceteris

141 982 430 1031 digredientem
476 993 604 1028 usque
658 980 710 1017 ad
753 978 926 1017 insulam
980 978 1141 1027 navigio
1194 986 1408 1030 prosecuta
1462 983 1534 1016 est.

142 1045 264 1083 Cuius
310 1057 499 1093 regressu
539 1044 696 1082 insulae
737 1042 988 1081 fertilitatem
1033 1047 1322 1091 cognoscentes
1363 1042 1536 1091 Ligures
1560 1046 1605 1079 10

139 1108 294 1147 ratibus
328 1108 395 1146 illo
433 1107 606 1158 profecti
641 1113 752 1156 sunt,
797 1121 963 1156 eamque
998 1108 1178 1146 mulieris
1207 1112 1252 1144 ut
1281 1107 1433 1144 dictum
1461 1113 1534 1154 est,

138 1172 299 1210 nomine
341 1171 515 1210 auctoris
557 1177 597 1210 et
639 1171 752 1210 ducis
794 1171 1111 1222 appellaverunt.
1167 1171 1243 1209 Est
1277 1176 1410 1209 autem
1438 1170 1536 1208 haec

137 1237 270 1275 insula
310 1236 447 1274 multis
488 1236 803 1286 promuncturiis
849 1236 1055 1284 angulosa„
1101 1236 1272 1284 gignens
1316 1235 1536 1273 laetissima

139 1301 286 1351 pabula
315 1306 354 1339 et
382 1300 555 1351 lapidem
585 1314 702 1349 quem
731 1300 956 1338 catochiten
985 1306 1141 1338 vocant.

247 1364 348 1403 Unde
367 1363 520 1402 Solinus
535 1378 546 1401 .·
563 1364 579 1390 ²
606 1364 758 1405 Verum
785 1377 880 1413 ager
901 1363 1154 1412 Corsicanus‚
1185 1364 1292 1412 quod
1312 1363 1353 1401 in
1373 1377 1417 1402 eo
1439 1376 1534 1412 agro
1560 1364 1603 1397 15

138 1428 300 1466 unicum
328 1433 401 1476 est,
431 1428 540 1466 solus
562 1427 657 1477 edit,
685 1441 802 1476 quem
829 1428 1054 1466 catochiten
1073 1432 1220 1466 vocant
1248 1427 1422 1477 lapidem
1449 1427 1535 1465 fatu

139 1492 430 1541 dignissimum.
464 1492 594 1530 Maior
614 1497 675 1530 est
696 1492 876 1542 caeteris7
907 1493 975 1540 qui
995 1492 1044 1529 ad
1066 1496 1250 1529 ornatum
1269 1491 1534 1540 destinantur,

137 1568 212 1594 nec
240 1562 321 1594 tam
349 1569 506 1605 gemma
535 1570 654 1605 quam
684 1561 832 1594 cautes.
888 1556 998 1593 Idem
1026 1555 1234 1605 impositas
1267 1554 1436 1607 [manus]
1469 1555 1533 1593 de-

137 1620 239 1658 tinet
267 1620 323 1657 ita
352 1633 394 1658 se
422 1619 571 1658 iunctis
603 1619 838 1669 corporibus
867 1619 1103 1669 adnectens,
1138 1624 1183 1656 ut
1209 1633 1297 1657 cum
1325 1619 1412 1669 ipso
1442 1619 1534 1656 hae-

136 1690 255 1722 reant
283 1684 429 1732 quibus
458 1683 656 1732 iungitur;
694 1683 765 1721 sed
795 1684 830 1722 ei
858 1683 966 1721 inest
993 1683 1122 1722 vellus
1151 1683 1271 1722 velud
1296 1683 1345 1721 de
1381 1683 1534 1732 glutine
1558 1686 1604 1719 20

138 1748 311 1786 lentiore
339 1747 473 1785 nescio
505 1746 601 1795 quid
629 1760 701 1797 par
730 1752 849 1795 atque
878 1745 1040 1795 gummi.

587 1893 679 1947 [12]
712 1894 769 1935 De
803 1893 1084 1935 Stoecadibus.

242 2002 459 2041 Stoecades
472 2004 486 2029 3
506 2002 661 2040 insulae
675 2001 990 2041 Massiliensium
1007 2002 1216 2051 sexaginta
1231 2002 1383 2040 milium
1404 2003 1533 2052 spatio

136 2080 158 2104 a
193 2066 415 2105 continenti
450 2066 583 2105 fronte
620 2066 896 2105 Narbonensis
931 2067 1157 2119 provincie,
1199 2081 1277 2116 qua
1310 2067 1534 2105 Rhodanus

136 2129 284 2168 fluvius
313 2130 354 2167 in
382 2143 490 2168 mare
519 2129 612 2168 exit.
667 2120 811 2168 Dictae
839 2136 972 2168 autem
1007 2144 1126 2180 grece
1153 2130 1384 2179 Stoecades,
1419 2131 1534 2180 quasi
1558 2133 1602 2166 25

137 2207 256 2244 opere
283 2194 325 2231 in
353 2194 534 2232 ordinem
562 2194 644 2232 sint
670 2194 836 2245 positae.
875 2194 974 2233 Sunt
1001 2196 1098 2233 aliae
1126 2208 1239 2245 quam
1262 2197 1386 2246 plures
1411 2194 1533 2233 Mede·-

243 2328 263 2363 1
294 2328 445 2365 corsica
471 2330 578 2379 prius
598 2341 619 2366 c
638 2330 679 2366 in
696 2341 770 2366 ras.
788 2341 860 2379 pro
880 2342 899 2366 s
972 2329 998 2365 4
1025 2342 1168 2378 graece
1197 2329 1288 2367 lsid.
1360 2330 1409 2366 10
1441 2341 1532 2377 cog-

138 2396 351 2429 noscentes
381 2393 537 2430 alterum
564 2406 590 2430 n
619 2407 643 2430 a
677 2392 736 2430 Μ2
764 2394 961 2442 redinteqr.
1032 2394 1078 2430 13
1109 2406 1140 2431 c.
1169 2393 1532 2443 promunctuririis,

138 2467 234 2493 corr.
264 2454 362 2493 uriis
431 2456 480 2493 18
509 2469 540 2495 c.
570 2470 712 2496 manus
741 2470 812 2496 om.
882 2458 933 2496 20
961 2458 1142 2506 tangitur
1170 2457 1247 2496 Sol.
1304 2458 1362 2495 sic
1390 2458 1426 2495 ei
1455 2457 1532 2496 Sol.

138 2519 248 2570 (HS)
304 2519 460 2569 glutino
489 2518 566 2558 Sol.
621 2520 672 2557 24
699 2519 740 2557 in
766 2520 900 2559 fronte
929 2521 1018 2559 Ise'd.

234 2676 245 2702 1
270 2687 315 2709 ex
339 2675 425 2710 isid.
450 2676 546 2718 xlv,
572 2677 604 2720 6,
630 2677 685 2710 42.
712 2677 767 2710 41.
815 2676 832 2703 2
857 2678 918 2719 111,
946 2679 977 2712 4.
1028 2678 1043 2704 3
1069 2689 1112 2711 ex
1139 2678 1223 2712 1sid.
1250 2678 1344 2720 xiv,
1371 2679 1403 2720 6,
1430 2677 1485 2713 38.
