1916 3254
758 279 1015 315 ..73-

187 390 382 428 Meander
410 389 538 427 amnis
568 389 758 427 exoritur.
813 387 952 437 Frigia
980 392 1113 426 autem
1141 387 1306 426 Troiadi
1333 386 1501 424 inminet
1529 386 1578 424 ab

188 453 399 502 aquilonae
442 453 601 491 Galatia
642 460 724 501 est,
768 466 791 490 a
832 452 1023 491 meridiae
1063 451 1279 500 Licaonia,
1323 449 1502 488 Pisidiae
1543 455 1582 488 et·

185 516 413 556 Micdoniae
449 516 617 555 confinis
647 522 709 554 est
738 516 870 565 Friqe'a
899 516 948 553 ab
979 515 1132 554 oriente
1160 514 1329 564 Lyciae,
1366 528 1389 552 a
1423 519 1581 564 sepben-

187 582 318 620 trione
357 581 552 629 Moesiae,
599 579 750 618 Cariae.
805 579 963 618 Dehinc
1003 579 1154 628 Molus,
1199 578 1370 627 Crocus,
1414 577 1580 626 Lorens,

192 645 400 694 amnisque
429 645 632 683 Pactolus.
688 643 827 682 Ioniae
862 644 1024 682 Miletos
1060 648 1196 694 caput5
1235 643 1292 681 ibi
1321 642 1439 681 etiam
1468 642 1581 680 Colo·
1631 648 1651 679 5

187 710 295 760 phon
340 711 451 753 urbs,
501 709 660 747 oraculo
704 708 800 746 clari
847 707 1050 757 Apollinis
1102 707 1336 745 caelebrat-a.
1398 706 1582 744 Meoniae

187 773 428 824 principium
458 772 620 822 Sipilus,
651 772 825 821 Smyrna
853 772 973 809 etiam
1001 772 1176 809 Homero
1205 771 1427 820 notissima,
1463 783 1579 818 quam

188 835 429 874 circumfluit:
461 836 586 873 Meris
614 834 773 873 fluvius.
832 834 1049 884 Smyrneos
1086 848 1247 884 campos
1278 835 1425 872 Ermus
1460 835 1582 871 inter-

187 904 297 938 secat
325 900 393 948 qui
423 904 534 937 ortus
563 898 728 936 Dorilao
757 899 937 946 Frigiam
967 898 1205 946 Cariamque
1241 898 1409 935 dissicit.
1466 898 1582 936 quta

185 964 304 1002 Ilium
358 963 616 1012 sepulchrum
661 962 888 1000 Memnonis
941 962 1056 1000 iacet.
1132 962 1263 1011 Supra
1310 962 1495 999 Troaden
1540 961 1581 998 in
1607 966 1651 998 10

187 1027 478 1065 mediterraneo
500 1025 718 1063 Teutrania
747 1032 818 1074 est,
851 1039 952 1073 quae
972 1025 1083 1074 regio
1104 1025 1334 1063 Moesorum
1354 1024 1444 1063 fuit.
1475 1024 1579 1062 Civi-

187 1098 248 1128 tas
277 1090 498 1128 Oteutrane
529 1088 647 1127 Caico
676 1088 839 1127 flumine
869 1089 1043 1127 alluitur.
1092 1089 1156 1126 Ibi
1184 1089 1290 1126 inter
1318 1101 1456 1126 omnes
1487 1088 1581 1126 civi-

184 1159 290 1192 tates
318 1153 441 1192 Asiae
471 1154 711 1202 Pergamum
740 1153 898 1192 clarius.
954 1153 1058 1191 Nam
1086 1153 1239 1190 Bitinia
1274 1153 1433 1190 initium
1461 1152 1582 1190 Ponti

185 1226 247 1256 est
290 1223 330 1256 et
370 1218 419 1255 ab
463 1222 556 1256 ortu
590 1217 751 1255 Tratiae
792 1217 963 1255 adversa
992 1232 1014 1254 a
1044 1217 1186 1266 Sagari
1227 1216 1392 1254 flumine
1429 1217 1581 1267 primus

184 1282 285 1320 fines
322 1282 458 1330 habet3
504 1281 572 1329 qui
608 1280 757 1318 fluvius
794 1281 871 1318 alio
901 1280 1024 1319 fluvio
1055 1281 1169 1318 Gallo
1198 1280 1407 1329 miscetur,
1452 1294 1474 1317 a
1503 1293 1580 1328 quo
1611 1287 1651 1318 15

185 1345 301 1383 Gallo
344 1345 532 1383 dicuntur
577 1344 752 1382 ministri
793 1344 933 1382 matris
976 1345 1106 1384 deum.
1161 1345 1274 1382 Haec
1316 1343 1501 1382 Bebricia
1544 1348 1583 1381 et

184 1408 390 1446 Micdonia
424 1407 532 1446 dicta
568 1413 646 1455 est,
686 1421 707 1445 a
742 1408 879 1446 Bitino
915 1422 1010 1458 rege
1044 1408 1209 1446 Bitinia.
1265 1409 1314 1445 In
1351 1421 1397 1445 ea
1439 1408 1582 1445 civitas

184 1473 363 1521 Prusias,
405 1486 522 1521 quam
552 1472 682 1521 Hylas
712 1472 883 1510 inundat
911 1473 1035 1521 lacus,
1073 1486 1149 1521 quo
1180 1485 1279 1522 puer
1307 1471 1487 1509 eiusdem
1515 1485 1581 1509 no-

185 1537 304 1574 minis
334 1536 482 1574 dicitur
511 1537 792 1585 intercerptus.
833 1536 897 1574 Ibi
916 1537 1093 1586 Lybissa
1120 1537 1232 1575 locus
1262 1537 1464 1581 Micdonic
1492 1548 1581 1585 pro-

183 1602 325 1639 ximus
383 1601 428 1639 In
455 1602 465 1627 l
493 1613 538 1638 eo
569 1601 826 1652 sepulchrum
854 1601 1094 1639 Hannibalis
1123 1606 1376 1639 memoratur.
1425 1601 1583 1638 Dehinc
1606 1607 1652 1640 20

293 1749 311 1783 1
343 1746 561 1784 Maeander
590 1746 708 1784 sslart.
741 1746 855 1796 (BD)
982 1747 1163 1796 Phrygia
1193 1746 1339 1784 Troadi
1369 1745 1489 1784 Mart.
1522 1746 1580 1797 (b)

187 1812 209 1846 ‘2
239 1810 466 1860 Lycaoniae
496 1810 567 1861 (D)
598 1816 636 1847 et
665 1810 843 1848 Pisidiae
871 1810 1117 1860 Mygdoniae
1147 1810 1204 1861 (b)
1320 1810 1456 1860 Frigia
1486 1813 1581 1849 deese

186 1874 307 1913 Mart.
367 1875 393 1911 4
422 1874 586 1912 Tmolus
617 1875 733 1925 (BD)
765 1888 879 1912 croco
909 1874 1056 1913 florens
1085 1874 1204 1913 illast.
1275 1876 1298 1912 ὃ
1327 1876 1419 1914 hinc
1450 1876 1582 1914 Ioniae

186 1938 307 1976 Allart.
340 1938 407 1989 (B)
570 1939 593 1975 6
622 1939 718 1976 urbs
749 1940 844 1977 deest
874 1938 995 1976 Mart.
1141 1938 1264 1977 Clarii
1294 1939 1414 1977 sslarl.
1447 1940 1580 1991 (BlR)

183 2001 393 2040 Maeoniae
420 2001 541 2040 Illam.
573 2002 686 2053 (BR)
805 2005 825 2040 Τ
856 2002 1021 2052 Sipylus
1050 2002 1170 2042 Mart.
1279 2004 1304 2041 8
1332 2004 1458 2041 Meles
1487 2003 1581 2041 fluv.

185 2065 303 2104 Mart,
335 2065 464 2115 (melis
496 2066 535 2116 b)
671 2079 763 2104 nam
793 2065 1037 2116 Smyrnaeos
1068 2067 1181 2118 (BR)
1212 2067 1332 2106 Jlart.
1480 2068 1581 2106 Her-

183 2144 271 2168 mus
300 2130 420 2168 Mart.
451 2131 563 2181 (BR)
672 2131 695 2168 9
725 2130 904 2180 Dorylao
934 2131 1156 2181 Phrygiam
1186 2132 1299 2183 (BR)
1388 2133 1583 2182 dispesci‘n

184 2194 302 2233 illari.
361 2196 410 2232 10
438 2194 637 2232 Troadem
665 2194 784 2235 Elam.
856 2196 903 2232 12
934 2195 1076 2234 civitas
1105 2209 1200 2234 vero
1231 2196 1432 2234 Teutrana
1462 2196 1580 2235 Mart.

183 2257 315 2307 Cayco
344 2258 464 2296 Mart.
574 2260 622 2296 13
656 2259 843 2309 Bithynia
872 2259 993 2297 illari.
1026 2260 1093 2311 (B)
1203 2261 1251 2297 15
1281 2260 1432 2310 primos
1463 2261 1580 2299 Mart.

184 2321 301 2372 (fines
330 2323 416 2361 add.
448 2336 498 2360 θα·
526 2322 676 2373 Selino)
804 2323 871 2361 alii
900 2323 1020 2364 illari.
1051 2324 1109 2375 (b)
1237 2325 1285 2362 16
1315 2331 1355 2362 et
1383 2324 1583 2375 Bebrycia

183 2385 297 2436 (BR)
327 2385 446 2423 Mart.
521 2386 568 2423 17
598 2387 814 2436 Mycdonia
843 2386 963 2426 Illam.
1037 2387 1216 2437 Bithyno
1247 2388 1305 2439 (b)
1329 2422 1334 2427 .
1360 2418 1366 2426 .
1389 2389 1582 2439 Bithynia

183 2449 301 2488 illart.
465 2450 512 2487 19
541 2451 788 2500 interceptus
823 2451 943 2491 Mart.
1105 2451 1280 2502 Libyssa
1309 2451 1428 2490 Mart.
1466 2453 1579 2505 (BR)

181 2514 292 2551 locus
321 2513 581 2551 Nicomediae
612 2514 732 2552 illari.

279 2671 289 2696 1
314 2671 362 2704 ib.
391 2670 451 2715 VI,
478 2670 650 2705 688—90.
