<?xml version="1.0" encoding="UTF-8"?>
<!DOCTYPE html PUBLIC "-//W3C//DTD XHTML 1.0 Transitional//EN"
    "http://www.w3.org/TR/xhtml1/DTD/xhtml1-transitional.dtd">
<html xmlns="http://www.w3.org/1999/xhtml" xml:lang="en" lang="en">
 <head>
  <title>
</title>
<meta http-equiv="Content-Type" content="text/html;charset=utf-8" />
  <meta name='ocr-system' content='tesseract 3.04.00' />
  <meta name='ocr-capabilities' content='ocr_page ocr_carea ocr_par ocr_line ocrx_word'/>
</head>
<body>
  <div class='ocr_page' id='page_1' title='image "anonymidesituorb00maniuoft_0067.png"; bbox 0 0 1916 3254; ppageno 0'>
   <div class='ocr_carea' id='block_1_1' title="bbox 737 295 993 330">
    <p class='ocr_par' dir='ltr' id='par_1_1' title="bbox 737 295 993 330">
     <span class='ocr_line' id='line_1_1' title="bbox 737 295 993 330; baseline -0.004 -9"><span class='ocrx_word' id='word_1_1' title='bbox 737 295 889 330; x_wconf 66' lang='lat'>—45</span> <span class='ocrx_word' id='word_1_2' title='bbox 947 317 993 321; x_wconf 69' lang='grc'>,-</span> 
     </span>
    </p>
   </div>
   <div class='ocr_carea' id='block_1_2' title="bbox 611 428 1109 483">
    <p class='ocr_par' dir='ltr' id='par_1_2' title="bbox 611 428 1109 483">
     <span class='ocr_line' id='line_1_2' title="bbox 611 428 1109 483; baseline 0 -13"><span class='ocrx_word' id='word_1_3' title='bbox 611 428 673 483; x_wconf 84' lang='grc'>[3]</span> <span class='ocrx_word' id='word_1_4' title='bbox 708 429 764 470; x_wconf 84' lang='lat' dir='ltr'>De</span> <span class='ocrx_word' id='word_1_5' title='bbox 795 429 968 483; x_wconf 80' lang='lat' dir='ltr'><strong>Europa.</strong></span> <span class='ocrx_word' id='word_1_6' title='bbox 1031 428 1109 470; x_wconf 84' lang='grc' dir='ltr'>Μ.1</span> 
     </span>
    </p>
   </div>
   <div class='ocr_carea' id='block_1_3' title="bbox 164 529 1563 1980">
    <p class='ocr_par' dir='ltr' id='par_1_3' title="bbox 164 529 1561 1469">
     <span class='ocr_line' id='line_1_3' title="bbox 268 529 1558 578; baseline 0.002 -12"><span class='ocrx_word' id='word_1_7' title='bbox 268 531 306 566; x_wconf 87' lang='lat' dir='ltr'><strong>A</strong></span> <span class='ocrx_word' id='word_1_8' title='bbox 348 529 450 568; x_wconf 87' lang='lat' dir='ltr'>freto</span> <span class='ocrx_word' id='word_1_9' title='bbox 469 531 485 556; x_wconf 69' lang='lat'>&#39;2</span> <span class='ocrx_word' id='word_1_10' title='bbox 529 530 688 578; x_wconf 85' lang='lat' dir='ltr'>quidem</span> <span class='ocrx_word' id='word_1_11' title='bbox 726 530 926 568; x_wconf 85' lang='lat' dir='ltr'>Gaditano</span> <span class='ocrx_word' id='word_1_12' title='bbox 970 530 1291 575; x_wconf 60' lang='lat' dir='ltr'>ingredientibus</span> <span class='ocrx_word' id='word_1_13' title='bbox 1332 543 1441 568; x_wconf 86' lang='lat' dir='ltr'>mare</span> <span class='ocrx_word' id='word_1_14' title='bbox 1478 544 1558 568; x_wconf 83' lang='lat' dir='ltr'>ma-</span> 
     </span>
     <span class='ocr_line' id='line_1_4' title="bbox 168 593 1558 643; baseline 0.001 -13"><span class='ocrx_word' id='word_1_15' title='bbox 168 607 291 642; x_wconf 91' lang='lat' dir='ltr'>gnum</span> <span class='ocrx_word' id='word_1_16' title='bbox 319 595 520 632; x_wconf 77' lang='lat' dir='ltr'>levorsum</span> <span class='ocrx_word' id='word_1_17' title='bbox 548 594 710 643; x_wconf 80' lang='lat' dir='ltr'>Europa</span> <span class='ocrx_word' id='word_1_18' title='bbox 737 594 982 632; x_wconf 76' lang='lat' dir='ltr'>distenditur</span> <span class='ocrx_word' id='word_1_19' title='bbox 1014 607 1137 642; x_wconf 82' lang='lat' dir='ltr'>usque</span> <span class='ocrx_word' id='word_1_20' title='bbox 1165 595 1207 631; x_wconf 90' lang='lat' dir='ltr'>in</span> <span class='ocrx_word' id='word_1_21' title='bbox 1229 594 1354 632; x_wconf 82' lang='lat' dir='ltr'>Tanai</span> <span class='ocrx_word' id='word_1_22' title='bbox 1382 593 1558 631; x_wconf 89' lang='lat' dir='ltr'>fluminis</span> 
     </span>
     <span class='ocr_line' id='line_1_5' title="bbox 164 657 1558 706; baseline 0 -12"><span class='ocrx_word' id='word_1_23' title='bbox 164 657 376 706; x_wconf 82' lang='lat' dir='ltr'>gurgitem,</span> <span class='ocrx_word' id='word_1_24' title='bbox 407 671 428 695; x_wconf 87' lang='lat' dir='ltr'>a</span> <span class='ocrx_word' id='word_1_25' title='bbox 459 671 535 706; x_wconf 86' lang='lat' dir='ltr'>quo</span> <span class='ocrx_word' id='word_1_26' title='bbox 566 658 758 695; x_wconf 85' lang='lat' dir='ltr'>inchoans</span> <span class='ocrx_word' id='word_1_27' title='bbox 786 658 886 695; x_wconf 86' lang='lat' dir='ltr'>Asia</span> <span class='ocrx_word' id='word_1_28' title='bbox 914 657 997 694; x_wconf 88' lang='lat' dir='ltr'>Nili</span> <span class='ocrx_word' id='word_1_29' title='bbox 1031 657 1171 695; x_wconf 86' lang='lat' dir='ltr'>itidem</span> <span class='ocrx_word' id='word_1_30' title='bbox 1207 658 1319 696; x_wconf 87' lang='lat' dir='ltr'>alveo</span> <span class='ocrx_word' id='word_1_31' title='bbox 1354 658 1558 698; x_wconf 82' lang='lat' dir='ltr'>limitatur,</span> 
     </span>
     <span class='ocr_line' id='line_1_6' title="bbox 165 720 1559 770; baseline 0 -12"><span class='ocrx_word' id='word_1_32' title='bbox 165 721 242 766; x_wconf 85' lang='lat' dir='ltr'>Qui</span> <span class='ocrx_word' id='word_1_33' title='bbox 277 721 437 770; x_wconf 89' lang='lat' dir='ltr'>quidem</span> <span class='ocrx_word' id='word_1_34' title='bbox 466 721 582 758; x_wconf 90' lang='lat' dir='ltr'>Nilus</span> <span class='ocrx_word' id='word_1_35' title='bbox 619 721 785 758; x_wconf 91' lang='lat' dir='ltr'>eandem</span> <span class='ocrx_word' id='word_1_36' title='bbox 819 720 1078 768; x_wconf 82' lang='lat' dir='ltr'><strong>Africamque</strong></span> <span class='ocrx_word' id='word_1_37' title='bbox 1114 720 1370 770; x_wconf 85' lang='lat' dir='ltr'>disrumpens</span> <span class='ocrx_word' id='word_1_38' title='bbox 1405 721 1559 759; x_wconf 88' lang='lat' dir='ltr'>telluris</span> 
     </span>
     <span class='ocr_line' id='line_1_7' title="bbox 167 783 1561 834; baseline -0.001 -12"><span class='ocrx_word' id='word_1_39' title='bbox 167 785 416 834; x_wconf 78' lang='lat' dir='ltr'>complexum</span> <span class='ocrx_word' id='word_1_40' title='bbox 434 785 652 822; x_wconf 78' lang='lat' dir='ltr'>intersecat</span> <span class='ocrx_word' id='word_1_41' title='bbox 670 784 925 821; x_wconf 87' lang='lat' dir='ltr'>multitudine</span> <span class='ocrx_word' id='word_1_42' title='bbox 946 783 1170 822; x_wconf 85' lang='lat' dir='ltr'>fluviorum.</span> <span class='ocrx_word' id='word_1_43' title='bbox 1206 784 1408 834; x_wconf 79' lang='lat' dir='ltr'>Europam</span> <span class='ocrx_word' id='word_1_44' title='bbox 1427 789 1561 823; x_wconf 87' lang='lat' dir='ltr'>tamen</span> 
     </span>
     <span class='ocr_line' id='line_1_8' title="bbox 170 846 1561 897; baseline 0 -12"><span class='ocrx_word' id='word_1_45' title='bbox 170 848 376 886; x_wconf 86' lang='lat' dir='ltr'>terminari</span> <span class='ocrx_word' id='word_1_46' title='bbox 404 846 662 897; x_wconf 82' lang='lat' dir='ltr'>Propontidis</span> <span class='ocrx_word' id='word_1_47' title='bbox 690 846 874 884; x_wconf 88' lang='lat' dir='ltr'>faucibus</span> <span class='ocrx_word' id='word_1_48' title='bbox 904 847 1091 884; x_wconf 81' lang='lat' dir='ltr'>dixerunt</span> <span class='ocrx_word' id='word_1_49' title='bbox 1129 847 1428 897; x_wconf 82' lang='lat' dir='ltr'>quamplurimi,</span> <span class='ocrx_word' id='word_1_50' title='bbox 1460 861 1561 896; x_wconf 86' lang='lat' dir='ltr'>quae</span> 
     </span>
     <span class='ocr_line' id='line_1_9' title="bbox 172 911 1561 962; baseline 0.001 -14"><span class='ocrx_word' id='word_1_51' title='bbox 172 911 387 962; x_wconf 82' lang='lat' dir='ltr'>Propontis</span> <span class='ocrx_word' id='word_1_52' title='bbox 434 924 506 961; x_wconf 89' lang='lat' dir='ltr'>per</span> <span class='ocrx_word' id='word_1_53' title='bbox 547 916 718 959; x_wconf 87' lang='lat' dir='ltr'>angusta</span> <span class='ocrx_word' id='word_1_54' title='bbox 759 911 1010 948; x_wconf 84' lang='lat' dir='ltr'>descendens</span> <span class='ocrx_word' id='word_1_55' title='bbox 1051 911 1100 948; x_wconf 88' lang='lat' dir='ltr'>ad</span> <span class='ocrx_word' id='word_1_56' title='bbox 1143 911 1361 949; x_wconf 86' lang='lat' dir='ltr'>Meotidem</span> <span class='ocrx_word' id='word_1_57' title='bbox 1406 925 1561 959; x_wconf 87' lang='lat' dir='ltr'>quoque</span> 
     </span>
     <span class='ocr_line' id='line_1_10' title="bbox 167 974 1560 1025; baseline 0 -12"><span class='ocrx_word' id='word_1_58' title='bbox 167 975 378 1025; x_wconf 78' lang='lat' dir='ltr'>perfertur.</span> <span class='ocrx_word' id='word_1_59' title='bbox 415 974 575 1012; x_wconf 81' lang='lat' dir='ltr'>Dicitur</span> <span class='ocrx_word' id='word_1_60' title='bbox 603 974 764 1022; x_wconf 85' lang='lat' dir='ltr'>quidem</span> <span class='ocrx_word' id='word_1_61' title='bbox 785 975 832 1011; x_wconf 86' lang='lat' dir='ltr'>ab</span> <span class='ocrx_word' id='word_1_62' title='bbox 854 974 1028 1024; x_wconf 86' lang='lat' dir='ltr'>Europa,</span> <span class='ocrx_word' id='word_1_63' title='bbox 1049 975 1250 1022; x_wconf 83' lang='lat' dir='ltr'>Agenoris</span> <span class='ocrx_word' id='word_1_64' title='bbox 1279 975 1388 1022; x_wconf 87' lang='lat' dir='ltr'>regis</span> <span class='ocrx_word' id='word_1_65' title='bbox 1408 975 1560 1024; x_wconf 71' lang='lat' dir='ltr'>Lybiae</span> 
     </span>
     <span class='ocr_line' id='line_1_11' title="bbox 167 1037 1560 1087; baseline 0.001 -12"><span class='ocrx_word' id='word_1_66' title='bbox 167 1038 258 1087; x_wconf 88' lang='lat' dir='ltr'>filia,</span> <span class='ocrx_word' id='word_1_67' title='bbox 288 1051 406 1086; x_wconf 86' lang='lat' dir='ltr'>quam</span> <span class='ocrx_word' id='word_1_68' title='bbox 428 1039 532 1076; x_wconf 79' lang='lat' dir='ltr'>Iovis</span> <span class='ocrx_word' id='word_1_69' title='bbox 552 1038 600 1075; x_wconf 87' lang='lat' dir='ltr'>ab</span> <span class='ocrx_word' id='word_1_70' title='bbox 621 1037 760 1075; x_wconf 84' lang='lat' dir='ltr'>Africa</span> <span class='ocrx_word' id='word_1_71' title='bbox 787 1044 942 1087; x_wconf 79' lang='lat' dir='ltr'>raptam</span> <span class='ocrx_word' id='word_1_72' title='bbox 963 1038 1123 1075; x_wconf 80' lang='lat' dir='ltr'>Cretam</span> <span class='ocrx_word' id='word_1_73' title='bbox 1150 1037 1313 1075; x_wconf 77' lang='lat' dir='ltr'>advexit</span> <span class='ocrx_word' id='word_1_74' title='bbox 1341 1043 1382 1076; x_wconf 89' lang='lat' dir='ltr'>et</span> <span class='ocrx_word' id='word_1_75' title='bbox 1407 1044 1560 1087; x_wconf 84' lang='lat' dir='ltr'>partem</span> 
     </span>
     <span class='ocr_line' id='line_1_12' title="bbox 167 1102 1561 1152; baseline 0 -13"><span class='ocrx_word' id='word_1_76' title='bbox 167 1102 327 1139; x_wconf 84' lang='lat' dir='ltr'>tertiam</span> <span class='ocrx_word' id='word_1_77' title='bbox 362 1103 470 1139; x_wconf 91' lang='lat' dir='ltr'>orbis</span> <span class='ocrx_word' id='word_1_78' title='bbox 506 1115 554 1139; x_wconf 80' lang='lat' dir='ltr'>ex</span> <span class='ocrx_word' id='word_1_79' title='bbox 591 1102 676 1139; x_wconf 90' lang='lat' dir='ltr'>eius</span> <span class='ocrx_word' id='word_1_80' title='bbox 718 1103 877 1139; x_wconf 88' lang='lat' dir='ltr'>nomine</span> <span class='ocrx_word' id='word_1_81' title='bbox 921 1102 1147 1152; x_wconf 84' lang='lat' dir='ltr'>appellavit.</span> <span class='ocrx_word' id='word_1_82' title='bbox 1205 1102 1391 1151; x_wconf 87' lang='lat' dir='ltr'>Europae</span> <span class='ocrx_word' id='word_1_83' title='bbox 1429 1106 1561 1140; x_wconf 87' lang='lat' dir='ltr'>tamen</span> 
     </span>
     <span class='ocr_line' id='line_1_13' title="bbox 167 1165 1560 1216; baseline 0.001 -14"><span class='ocrx_word' id='word_1_84' title='bbox 167 1166 408 1216; x_wconf 87' lang='lat' dir='ltr'>principium</span> <span class='ocrx_word' id='word_1_85' title='bbox 448 1166 794 1214; x_wconf 87' lang='lat' dir='ltr'>inchoamentique</span> <span class='ocrx_word' id='word_1_86' title='bbox 842 1166 964 1204; x_wconf 88' lang='lat' dir='ltr'>limen</span> <span class='ocrx_word' id='word_1_87' title='bbox 1005 1165 1227 1215; x_wconf 82' lang='lat' dir='ltr'>Hispaniae</span> <span class='ocrx_word' id='word_1_88' title='bbox 1278 1166 1560 1214; x_wconf 85' lang='lat' dir='ltr'>contributum,</span> 
     </span>
     <span class='ocr_line' id='line_1_14' title="bbox 164 1228 1560 1279; baseline 0 -12"><span class='ocrx_word' id='word_1_89' title='bbox 164 1228 291 1267; x_wconf 84' lang='lat' dir='ltr'>fertili</span> <span class='ocrx_word' id='word_1_90' title='bbox 325 1229 487 1278; x_wconf 88' lang='lat' dir='ltr'>frugum</span> <span class='ocrx_word' id='word_1_91' title='bbox 522 1230 754 1279; x_wconf 84' lang='lat' dir='ltr'>opimaeque</span> <span class='ocrx_word' id='word_1_92' title='bbox 797 1230 1039 1279; x_wconf 86' lang='lat' dir='ltr'>provintiae,</span> <span class='ocrx_word' id='word_1_93' title='bbox 1089 1229 1342 1267; x_wconf 88' lang='lat' dir='ltr'>metallorum</span> <span class='ocrx_word' id='word_1_94' title='bbox 1384 1229 1560 1278; x_wconf 84' lang='lat' dir='ltr'>aurique,</span> 
     </span>
     <span class='ocr_line' id='line_1_15' title="bbox 167 1293 1560 1343; baseline -0.001 -12"><span class='ocrx_word' id='word_1_95' title='bbox 167 1294 323 1331; x_wconf 85' lang='lat' dir='ltr'>feturae</span> <span class='ocrx_word' id='word_1_96' title='bbox 352 1294 474 1331; x_wconf 86' lang='lat' dir='ltr'>mirae</span> <span class='ocrx_word' id='word_1_97' title='bbox 502 1293 655 1330; x_wconf 89' lang='lat' dir='ltr'>arboris</span> <span class='ocrx_word' id='word_1_98' title='bbox 675 1306 1001 1342; x_wconf 88' lang='lat' dir='ltr'>gemmarumque</span> <span class='ocrx_word' id='word_1_99' title='bbox 1029 1293 1262 1331; x_wconf 89' lang='lat' dir='ltr'>muneribus</span> <span class='ocrx_word' id='word_1_100' title='bbox 1282 1293 1560 1343; x_wconf 65' lang='lat' dir='ltr'>praedicando.</span> 
     </span>
     <span class='ocr_line' id='line_1_16' title="bbox 167 1356 1560 1407; baseline -0.001 -12"><span class='ocrx_word' id='word_1_101' title='bbox 167 1357 276 1403; x_wconf 81' lang='lat' dir='ltr'>Quae</span> <span class='ocrx_word' id='word_1_102' title='bbox 305 1357 466 1406; x_wconf 86' lang='lat' dir='ltr'>quidem</span> <span class='ocrx_word' id='word_1_103' title='bbox 494 1357 600 1405; x_wconf 87' lang='lat' dir='ltr'>quod</span> <span class='ocrx_word' id='word_1_104' title='bbox 628 1357 783 1406; x_wconf 85' lang='lat' dir='ltr'>Hyberi</span> <span class='ocrx_word' id='word_1_105' title='bbox 819 1356 993 1395; x_wconf 87' lang='lat' dir='ltr'>fluminis</span> <span class='ocrx_word' id='word_1_106' title='bbox 1029 1357 1266 1395; x_wconf 82' lang='lat' dir='ltr'>interrivata</span> <span class='ocrx_word' id='word_1_107' title='bbox 1302 1361 1445 1407; x_wconf 73' lang='lat' dir='ltr'>tractu,</span> <span class='ocrx_word' id='word_1_108' title='bbox 1482 1370 1560 1394; x_wconf 91' lang='lat' dir='ltr'>am-</span> 
     </span>
     <span class='ocr_line' id='line_1_17' title="bbox 169 1420 842 1469; baseline 0.001 -11"><span class='ocrx_word' id='word_1_109' title='bbox 169 1420 232 1459; x_wconf 90' lang='lat' dir='ltr'>nis</span> <span class='ocrx_word' id='word_1_110' title='bbox 261 1422 324 1458; x_wconf 92' lang='lat' dir='ltr'>sui</span> <span class='ocrx_word' id='word_1_111' title='bbox 351 1421 496 1459; x_wconf 88' lang='lat' dir='ltr'>meruit</span> <span class='ocrx_word' id='word_1_112' title='bbox 525 1426 842 1469; x_wconf 81' lang='lat' dir='ltr'>cognomentum.</span> 
     </span>
    </p>

    <p class='ocr_par' dir='ltr' id='par_1_4' title="bbox 164 1484 1563 1980">
     <span class='ocr_line' id='line_1_18' title="bbox 271 1484 1560 1535; baseline -0.001 -13"><span class='ocrx_word' id='word_1_113' title='bbox 271 1486 327 1523; x_wconf 80' lang='lat' dir='ltr'>Do</span> <span class='ocrx_word' id='word_1_114' title='bbox 375 1498 448 1534; x_wconf 78' lang='lat' dir='ltr'>qua</span> <span class='ocrx_word' id='word_1_115' title='bbox 495 1484 646 1523; x_wconf 68' lang='lat' dir='ltr'>Solinus</span> <span class='ocrx_word' id='word_1_116' title='bbox 665 1486 679 1510; x_wconf 75' lang='grc'>3</span> <span class='ocrx_word' id='word_1_117' title='bbox 727 1487 777 1522; x_wconf 79' lang='lat' dir='ltr'>ai!</span> <span class='ocrx_word' id='word_1_118' title='bbox 797 1500 808 1522; x_wconf 89' lang='lat'><em>:</em></span> <span class='ocrx_word' id='word_1_119' title='bbox 864 1485 1077 1522; x_wconf 83' lang='lat' dir='ltr'>Terrarum</span> <span class='ocrx_word' id='word_1_120' title='bbox 1125 1485 1244 1535; x_wconf 83' lang='lat' dir='ltr'>plaga</span> <span class='ocrx_word' id='word_1_121' title='bbox 1295 1484 1560 1534; x_wconf 86' lang='lat' dir='ltr'>comparanda</span> 
     </span>
     <span class='ocr_line' id='line_1_19' title="bbox 164 1548 1561 1598; baseline -0.001 -12"><span class='ocrx_word' id='word_1_122' title='bbox 164 1548 339 1598; x_wconf 83' lang='lat' dir='ltr'>optimis,</span> <span class='ocrx_word' id='word_1_123' title='bbox 368 1548 467 1585; x_wconf 86' lang='lat' dir='ltr'>nulli</span> <span class='ocrx_word' id='word_1_124' title='bbox 487 1548 763 1598; x_wconf 85' lang='lat' dir='ltr'>posthabenda</span> <span class='ocrx_word' id='word_1_125' title='bbox 787 1548 915 1596; x_wconf 85' lang='lat' dir='ltr'>frugis</span> <span class='ocrx_word' id='word_1_126' title='bbox 937 1554 976 1586; x_wconf 87' lang='lat' dir='ltr'>et</span> <span class='ocrx_word' id='word_1_127' title='bbox 996 1549 1070 1587; x_wconf 89' lang='lat' dir='ltr'>soli</span> <span class='ocrx_word' id='word_1_128' title='bbox 1101 1549 1223 1598; x_wconf 81' lang='lat' dir='ltr'>copia⁷</span> <span class='ocrx_word' id='word_1_129' title='bbox 1255 1549 1340 1586; x_wconf 81' lang='lat' dir='ltr'>sive</span> <span class='ocrx_word' id='word_1_130' title='bbox 1370 1561 1561 1586; x_wconf 86' lang='lat' dir='ltr'>venarum</span> 
     </span>
     <span class='ocr_line' id='line_1_20' title="bbox 166 1612 1560 1662; baseline 0 -13"><span class='ocrx_word' id='word_1_131' title='bbox 166 1618 387 1661; x_wconf 83' lang='lat' dir='ltr'>proventus</span> <span class='ocrx_word' id='word_1_132' title='bbox 416 1613 615 1662; x_wconf 85' lang='lat' dir='ltr'>respicere</span> <span class='ocrx_word' id='word_1_133' title='bbox 643 1612 728 1650; x_wconf 90' lang='lat' dir='ltr'>sive</span> <span class='ocrx_word' id='word_1_134' title='bbox 764 1612 988 1649; x_wconf 85' lang='lat' dir='ltr'>arborarios</span> <span class='ocrx_word' id='word_1_135' title='bbox 1018 1613 1135 1660; x_wconf 83' lang='lat' dir='ltr'>velis3</span> <span class='ocrx_word' id='word_1_136' title='bbox 1174 1612 1282 1650; x_wconf 89' lang='lat' dir='ltr'>omni</span> <span class='ocrx_word' id='word_1_137' title='bbox 1311 1612 1476 1649; x_wconf 89' lang='lat' dir='ltr'>materia</span> <span class='ocrx_word' id='word_1_138' title='bbox 1505 1613 1560 1649; x_wconf 80' lang='lat' dir='ltr'>af-</span> 
     </span>
     <span class='ocr_line' id='line_1_21' title="bbox 166 1675 1560 1725; baseline 0 -12"><span class='ocrx_word' id='word_1_139' title='bbox 166 1675 267 1724; x_wconf 88' lang='lat' dir='ltr'>fluit,</span> <span class='ocrx_word' id='word_1_140' title='bbox 298 1689 568 1725; x_wconf 86' lang='lat' dir='ltr'>quaecumque</span> <span class='ocrx_word' id='word_1_141' title='bbox 597 1682 666 1713; x_wconf 86' lang='lat' dir='ltr'>aut</span> <span class='ocrx_word' id='word_1_142' title='bbox 694 1676 852 1725; x_wconf 89' lang='lat' dir='ltr'>praecio</span> <span class='ocrx_word' id='word_1_143' title='bbox 882 1676 1099 1714; x_wconf 85' lang='lat' dir='ltr'>ambiciosa</span> <span class='ocrx_word' id='word_1_144' title='bbox 1133 1681 1195 1714; x_wconf 88' lang='lat' dir='ltr'>est</span> <span class='ocrx_word' id='word_1_145' title='bbox 1223 1681 1291 1713; x_wconf 89' lang='lat' dir='ltr'>aut</span> <span class='ocrx_word' id='word_1_146' title='bbox 1321 1689 1398 1714; x_wconf 89' lang='lat' dir='ltr'>usu</span> <span class='ocrx_word' id='word_1_147' title='bbox 1425 1689 1560 1714; x_wconf 89' lang='lat' dir='ltr'>neces-</span> 
     </span>
     <span class='ocr_line' id='line_1_22' title="bbox 168 1739 1561 1788; baseline 0 -12"><span class='ocrx_word' id='word_1_148' title='bbox 168 1740 288 1787; x_wconf 70' lang='lat' dir='ltr'>saria3</span> <span class='ocrx_word' id='word_1_149' title='bbox 324 1744 534 1788; x_wconf 88' lang='lat' dir='ltr'>argentum</span> <span class='ocrx_word' id='word_1_150' title='bbox 564 1740 626 1777; x_wconf 79' lang='lat' dir='ltr'>vel</span> <span class='ocrx_word' id='word_1_151' title='bbox 655 1753 795 1777; x_wconf 89' lang='lat' dir='ltr'>aurum</span> <span class='ocrx_word' id='word_1_152' title='bbox 824 1740 1022 1788; x_wconf 88' lang='lat' dir='ltr'>requiras,</span> <span class='ocrx_word' id='word_1_153' title='bbox 1059 1740 1196 1787; x_wconf 88' lang='lat' dir='ltr'>habet;</span> <span class='ocrx_word' id='word_1_154' title='bbox 1241 1739 1420 1778; x_wconf 85' lang='lat' dir='ltr'>ferrariis</span> <span class='ocrx_word' id='word_1_155' title='bbox 1449 1753 1561 1777; x_wconf 87' lang='lat' dir='ltr'>num-</span> 
     </span>
     <span class='ocr_line' id='line_1_23' title="bbox 169 1802 1562 1852; baseline 0.001 -13"><span class='ocrx_word' id='word_1_156' title='bbox 169 1816 286 1851; x_wconf 85' lang='lat' dir='ltr'>quam</span> <span class='ocrx_word' id='word_1_157' title='bbox 328 1802 464 1841; x_wconf 87' lang='lat' dir='ltr'>deficit</span> <span class='ocrx_word' id='word_1_158' title='bbox 505 1816 584 1841; x_wconf 91' lang='lat' dir='ltr'>non</span> <span class='ocrx_word' id='word_1_159' title='bbox 626 1803 732 1841; x_wconf 82' lang='lat' dir='ltr'>cedit</span> <span class='ocrx_word' id='word_1_160' title='bbox 772 1804 941 1852; x_wconf 85' lang='lat' dir='ltr'>vitibus,</span> <span class='ocrx_word' id='word_1_161' title='bbox 986 1804 1111 1841; x_wconf 90' lang='lat' dir='ltr'>vincit</span> <span class='ocrx_word' id='word_1_162' title='bbox 1148 1804 1245 1841; x_wconf 89' lang='lat' dir='ltr'>olea.</span> <span class='ocrx_word' id='word_1_163' title='bbox 1302 1803 1413 1841; x_wconf 86' lang='lat' dir='ltr'>Nihil</span> <span class='ocrx_word' id='word_1_164' title='bbox 1448 1804 1489 1840; x_wconf 88' lang='lat' dir='ltr'>in</span> <span class='ocrx_word' id='word_1_165' title='bbox 1518 1817 1562 1841; x_wconf 80' lang='lat' dir='ltr'>ea</span> 
     </span>
     <span class='ocr_line' id='line_1_24' title="bbox 168 1867 1562 1916; baseline 0.001 -13"><span class='ocrx_word' id='word_1_166' title='bbox 168 1867 338 1904; x_wconf 77' lang='lat' dir='ltr'>otiosum</span> <span class='ocrx_word' id='word_1_167' title='bbox 367 1872 436 1904; x_wconf 88' lang='lat' dir='ltr'>aut</span> <span class='ocrx_word' id='word_1_168' title='bbox 463 1867 610 1915; x_wconf 89' lang='lat' dir='ltr'>sterile,</span> <span class='ocrx_word' id='word_1_169' title='bbox 641 1867 831 1916; x_wconf 87' lang='lat' dir='ltr'>quicquid</span> <span class='ocrx_word' id='word_1_170' title='bbox 861 1867 1147 1915; x_wconf 91' lang='lat' dir='ltr'>cuiuscumque</span> <span class='ocrx_word' id='word_1_171' title='bbox 1175 1867 1283 1905; x_wconf 88' lang='lat' dir='ltr'>modi</span> <span class='ocrx_word' id='word_1_172' title='bbox 1312 1872 1433 1916; x_wconf 88' lang='lat' dir='ltr'>negat</span> <span class='ocrx_word' id='word_1_173' title='bbox 1461 1881 1562 1905; x_wconf 88' lang='lat' dir='ltr'>mes-</span> 
     </span>
     <span class='ocr_line' id='line_1_25' title="bbox 170 1929 1563 1980; baseline 0.001 -13"><span class='ocrx_word' id='word_1_174' title='bbox 170 1942 270 1978; x_wconf 87' lang='lat' dir='ltr'>sem,</span> <span class='ocrx_word' id='word_1_175' title='bbox 313 1930 424 1978; x_wconf 87' lang='lat' dir='ltr'>viget</span> <span class='ocrx_word' id='word_1_176' title='bbox 464 1929 638 1980; x_wconf 87' lang='lat' dir='ltr'>pabulis;</span> <span class='ocrx_word' id='word_1_177' title='bbox 682 1931 800 1968; x_wconf 86' lang='lat' dir='ltr'>etiam</span> <span class='ocrx_word' id='word_1_178' title='bbox 844 1944 944 1978; x_wconf 87' lang='lat' dir='ltr'>quae</span> <span class='ocrx_word' id='word_1_179' title='bbox 985 1931 1098 1968; x_wconf 83' lang='lat' dir='ltr'>arida</span> <span class='ocrx_word' id='word_1_180' title='bbox 1134 1937 1228 1968; x_wconf 86' lang='lat' dir='ltr'>sunt</span> <span class='ocrx_word' id='word_1_181' title='bbox 1270 1944 1293 1968; x_wconf 87' lang='lat' dir='ltr'>a</span> <span class='ocrx_word' id='word_1_182' title='bbox 1342 1931 1563 1969; x_wconf 86' lang='lat' dir='ltr'>sterelitate</span> 
     </span>
    </p>
   </div>
   <div class='ocr_carea' id='block_1_4' title="bbox 168 1992 1595 2044">
    <p class='ocr_par' dir='ltr' id='par_1_5' title="bbox 168 1992 1595 2044">
     <span class='ocr_line' id='line_1_26' title="bbox 168 1992 1595 2044; baseline 0.002 -15"><span class='ocrx_word' id='word_1_183' title='bbox 168 1992 372 2030; x_wconf 87' lang='lat' dir='ltr'>ridentum</span> <span class='ocrx_word' id='word_1_184' title='bbox 399 1993 586 2031; x_wconf 84' lang='lat' dir='ltr'>materias</span> <span class='ocrx_word' id='word_1_185' title='bbox 615 1994 788 2032; x_wconf 87' lang='lat' dir='ltr'>nauticis</span> <span class='ocrx_word' id='word_1_186' title='bbox 817 1994 1136 2032; x_wconf 83' lang='lat' dir='ltr'>subministrant.</span> <span class='ocrx_word' id='word_1_187' title='bbox 1175 1995 1265 2032; x_wconf 88' lang='lat' dir='ltr'>Non</span> <span class='ocrx_word' id='word_1_188' title='bbox 1294 1995 1480 2044; x_wconf 87' lang='lat' dir='ltr'>cognovit</span> <span class='ocrx_word' id='word_1_189' title='bbox 1508 1994 1564 2032; x_wconf 87' lang='lat' dir='ltr'>ibi</span> <span class='ocrx_word' id='word_1_190' title='bbox 1588 2000 1595 2010; x_wconf 87' lang='lat'><em>‘</em></span> 
     </span>
    </p>
   </div>
   <div class='ocr_carea' id='block_1_5' title="bbox 169 2056 1560 2109">
    <p class='ocr_par' dir='ltr' id='par_1_6' title="bbox 169 2056 1560 2109">
     <span class='ocr_line' id='line_1_27' title="bbox 169 2056 1560 2109; baseline 0.001 -15"><span class='ocrx_word' id='word_1_191' title='bbox 169 2057 274 2094; x_wconf 89' lang='lat' dir='ltr'>sales</span> <span class='ocrx_word' id='word_1_192' title='bbox 303 2057 374 2095; x_wconf 88' lang='lat' dir='ltr'>sed</span> <span class='ocrx_word' id='word_1_193' title='bbox 403 2056 611 2095; x_wconf 86' lang='lat' dir='ltr'>effodiunt.</span> <span class='ocrx_word' id='word_1_194' title='bbox 648 2058 883 2108; x_wconf 70' lang='lat' dir='ltr'>Pomponius</span> <span class='ocrx_word' id='word_1_195' title='bbox 904 2058 1032 2096; x_wconf 58' lang='lat' dir='ltr'>Mela³</span> <span class='ocrx_word' id='word_1_196' title='bbox 1063 2060 1105 2096; x_wconf 77' lang='lat' dir='ltr'>de</span> <span class='ocrx_word' id='word_1_197' title='bbox 1127 2060 1198 2096; x_wconf 77' lang='lat' dir='ltr'>silu</span> <span class='ocrx_word' id='word_1_198' title='bbox 1229 2060 1307 2096; x_wconf 69' lang='lat' dir='ltr'>eius</span> <span class='ocrx_word' id='word_1_199' title='bbox 1339 2060 1391 2096; x_wconf 76' lang='lat' dir='ltr'>ila</span> <span class='ocrx_word' id='word_1_200' title='bbox 1421 2061 1560 2109; x_wconf 65' lang='lat' dir='ltr'>Inquit:</span> 
     </span>
    </p>
   </div>
   <div class='ocr_carea' id='block_1_6' title="bbox 170 2178 1564 2484">
    <p class='ocr_par' dir='ltr' id='par_1_7' title="bbox 170 2178 1564 2484">
     <span class='ocr_line' id='line_1_28' title="bbox 271 2178 1561 2231; baseline 0.002 -16"><span class='ocrx_word' id='word_1_201' title='bbox 271 2179 294 2215; x_wconf 86' lang='lat'><strong>3</strong></span> <span class='ocrx_word' id='word_1_202' title='bbox 325 2178 471 2216; x_wconf 85' lang='lat' dir='ltr'>Tanais</span> <span class='ocrx_word' id='word_1_203' title='bbox 493 2178 610 2216; x_wconf 74' lang='grc' dir='ltr'>ῘΙῙανι.</span> <span class='ocrx_word' id='word_1_204' title='bbox 667 2179 688 2215; x_wconf 78' lang='lat'>7</span> <span class='ocrx_word' id='word_1_205' title='bbox 719 2180 855 2217; x_wconf 81' lang='lat' dir='ltr'>dixere</span> <span class='ocrx_word' id='word_1_206' title='bbox 877 2178 995 2217; x_wconf 79' lang='lat' dir='ltr'>Mart.</span> <span class='ocrx_word' id='word_1_207' title='bbox 1055 2181 1101 2216; x_wconf 93' lang='grc'>12</span> <span class='ocrx_word' id='word_1_208' title='bbox 1132 2180 1327 2218; x_wconf 90' lang='lat' dir='ltr'>incoham.</span> <span class='ocrx_word' id='word_1_209' title='bbox 1350 2180 1469 2218; x_wconf 72' lang='lat' dir='ltr'>Mart.</span> <span class='ocrx_word' id='word_1_210' title='bbox 1493 2181 1561 2231; x_wconf 68' lang='lat' dir='ltr'>(D)</span> 
     </span>
     <span class='ocr_line' id='line_1_29' title="bbox 174 2241 1564 2294; baseline 0.002 -15"><span class='ocrx_word' id='word_1_211' title='bbox 174 2242 221 2280; x_wconf 84' lang='lat'>13</span> <span class='ocrx_word' id='word_1_212' title='bbox 249 2241 379 2279; x_wconf 88' lang='lat' dir='ltr'>fetura</span> <span class='ocrx_word' id='word_1_213' title='bbox 408 2241 526 2280; x_wconf 65' lang='lat' dir='ltr'>Illam.</span> <span class='ocrx_word' id='word_1_214' title='bbox 653 2241 762 2280; x_wconf 87' lang='lat' dir='ltr'>minii</span> <span class='ocrx_word' id='word_1_215' title='bbox 792 2243 1001 2280; x_wconf 86' lang='lat' dir='ltr'>marmoris</span> <span class='ocrx_word' id='word_1_216' title='bbox 1031 2243 1150 2281; x_wconf 69' lang='lat' dir='ltr'>Mari.</span> <span class='ocrx_word' id='word_1_217' title='bbox 1194 2243 1300 2291; x_wconf 88' lang='lat' dir='ltr'>(miri</span> <span class='ocrx_word' id='word_1_218' title='bbox 1330 2244 1484 2282; x_wconf 88' lang='lat' dir='ltr'>arboris</span> <span class='ocrx_word' id='word_1_219' title='bbox 1512 2245 1564 2294; x_wconf 83' lang='lat' dir='ltr'>B)</span> 
     </span>
     <span class='ocr_line' id='line_1_30' title="bbox 180 2305 1562 2357; baseline 0.002 -14"><span class='ocrx_word' id='word_1_220' title='bbox 180 2305 225 2344; x_wconf 83' lang='lat'>15</span> <span class='ocrx_word' id='word_1_221' title='bbox 246 2318 278 2343; x_wconf 91' lang='lat' dir='ltr'>c.</span> <span class='ocrx_word' id='word_1_222' title='bbox 300 2306 427 2343; x_wconf 85' lang='lat' dir='ltr'>amnis</span> <span class='ocrx_word' id='word_1_223' title='bbox 446 2306 498 2355; x_wconf 92' lang='lat' dir='ltr'>ui,</span> <span class='ocrx_word' id='word_1_224' title='bbox 529 2319 625 2344; x_wconf 76' lang='lat' dir='ltr'>corr.</span> <span class='ocrx_word' id='word_1_225' title='bbox 652 2307 715 2344; x_wconf 92' lang='lat' dir='ltr'>sui</span> <span class='ocrx_word' id='word_1_226' title='bbox 745 2308 868 2356; x_wconf 79' lang='lat' dir='ltr'>(infra</span> <span class='ocrx_word' id='word_1_227' title='bbox 896 2321 932 2356; x_wconf 93' lang='lat' dir='ltr'>p.</span> <span class='ocrx_word' id='word_1_228' title='bbox 953 2307 1004 2343; x_wconf 76' lang='lat'>46</span> <span class='ocrx_word' id='word_1_229' title='bbox 1033 2307 1111 2357; x_wconf 74' lang='lat' dir='ltr'>sui)</span> <span class='ocrx_word' id='word_1_230' title='bbox 1171 2308 1220 2344; x_wconf 77' lang='lat'>18</span> <span class='ocrx_word' id='word_1_231' title='bbox 1249 2308 1455 2345; x_wconf 90' lang='lat' dir='ltr'>vinearum</span> <span class='ocrx_word' id='word_1_232' title='bbox 1484 2308 1562 2346; x_wconf 78' lang='lat' dir='ltr'>Sol.</span> 
     </span>
     <span class='ocr_line' id='line_1_31' title="bbox 171 2369 1562 2420; baseline 0.002 -14"><span class='ocrx_word' id='word_1_233' title='bbox 171 2369 220 2407; x_wconf 88' lang='grc'>19</span> <span class='ocrx_word' id='word_1_234' title='bbox 241 2381 271 2407; x_wconf 95' lang='lat' dir='ltr'>c.</span> <span class='ocrx_word' id='word_1_235' title='bbox 303 2369 433 2418; x_wconf 80' lang='lat' dir='ltr'>omnia</span> <span class='ocrx_word' id='word_1_236' title='bbox 540 2371 590 2406; x_wconf 96' lang='grc'>22</span> <span class='ocrx_word' id='word_1_237' title='bbox 619 2369 768 2408; x_wconf 86' lang='lat' dir='ltr'>defecit</span> <span class='ocrx_word' id='word_1_238' title='bbox 796 2369 873 2408; x_wconf 82' lang='lat' dir='ltr'>Sol.</span> <span class='ocrx_word' id='word_1_239' title='bbox 905 2370 1025 2420; x_wconf 83' lang='lat' dir='ltr'>(HA)</span> <span class='ocrx_word' id='word_1_240' title='bbox 1112 2371 1161 2407; x_wconf 83' lang='grc'>23</span> <span class='ocrx_word' id='word_1_241' title='bbox 1191 2370 1292 2408; x_wconf 91' lang='lat' dir='ltr'>nihil</span> <span class='ocrx_word' id='word_1_242' title='bbox 1320 2371 1456 2409; x_wconf 86' lang='lat' dir='ltr'>sterile</span> <span class='ocrx_word' id='word_1_243' title='bbox 1485 2371 1562 2410; x_wconf 87' lang='lat' dir='ltr'>Sol.</span> 
     </span>
     <span class='ocr_line' id='line_1_32' title="bbox 170 2433 1563 2484; baseline 0.002 -14"><span class='ocrx_word' id='word_1_244' title='bbox 170 2433 221 2470; x_wconf 79' lang='grc'>24</span> <span class='ocrx_word' id='word_1_245' title='bbox 242 2434 290 2471; x_wconf 87' lang='lat' dir='ltr'>ab</span> <span class='ocrx_word' id='word_1_246' title='bbox 319 2433 531 2471; x_wconf 88' lang='lat' dir='ltr'>sterilitate</span> <span class='ocrx_word' id='word_1_247' title='bbox 559 2433 635 2472; x_wconf 78' lang='lat' dir='ltr'>Sol.</span> <span class='ocrx_word' id='word_1_248' title='bbox 667 2434 738 2484; x_wconf 90' lang='lat' dir='ltr'>(H)</span> <span class='ocrx_word' id='word_1_249' title='bbox 845 2434 895 2471; x_wconf 78' lang='lat'>25</span> <span class='ocrx_word' id='word_1_250' title='bbox 926 2447 958 2473; x_wconf 88' lang='lat' dir='ltr'>c.</span> <span class='ocrx_word' id='word_1_251' title='bbox 985 2434 1199 2472; x_wconf 78' lang='lat' dir='ltr'>rudentum</span> <span class='ocrx_word' id='word_1_252' title='bbox 1229 2435 1283 2472; x_wconf 77' lang='lat' dir='ltr'>rel</span> <span class='ocrx_word' id='word_1_253' title='bbox 1310 2435 1522 2473; x_wconf 84' lang='lat' dir='ltr'>radentum</span> <span class='ocrx_word' id='word_1_254' title='bbox 1550 2436 1563 2473; x_wconf 90' lang='lat' dir='ltr'>i</span> 
     </span>
    </p>
   </div>
   <div class='ocr_carea' id='block_1_7' title="bbox 170 2496 1111 2545">
    <p class='ocr_par' dir='ltr' id='par_1_8' title="bbox 170 2496 1111 2545">
     <span class='ocr_line' id='line_1_33' title="bbox 170 2496 1111 2545; baseline 0.002 -10"><span class='ocrx_word' id='word_1_255' title='bbox 170 2510 267 2535; x_wconf 84' lang='lat' dir='ltr'>corr.</span> <span class='ocrx_word' id='word_1_256' title='bbox 295 2497 361 2536; x_wconf 82' lang='lat' dir='ltr'>Ml</span> <span class='ocrx_word' id='word_1_257' title='bbox 422 2501 597 2545; x_wconf 90' lang='lat' dir='ltr'>coquunt</span> <span class='ocrx_word' id='word_1_258' title='bbox 624 2497 680 2535; x_wconf 91' lang='lat' dir='ltr'>ibi</span> <span class='ocrx_word' id='word_1_259' title='bbox 709 2496 786 2535; x_wconf 87' lang='lat' dir='ltr'>Sol.</span> <span class='ocrx_word' id='word_1_260' title='bbox 842 2498 892 2534; x_wconf 86' lang='grc'>26</span> <span class='ocrx_word' id='word_1_261' title='bbox 922 2511 953 2535; x_wconf 87' lang='lat' dir='ltr'>c.</span> <span class='ocrx_word' id='word_1_262' title='bbox 985 2498 1028 2536; x_wconf 92' lang='lat' dir='ltr'>P.</span> <span class='ocrx_word' id='word_1_263' title='bbox 1059 2498 1111 2537; x_wconf 88' lang='lat' dir='ltr'>M.</span> 
     </span>
    </p>
   </div>
   <div class='ocr_carea' id='block_1_8' title="bbox 167 2629 1562 2732">
    <p class='ocr_par' dir='ltr' id='par_1_9' title="bbox 167 2629 1562 2732">
     <span class='ocr_line' id='line_1_34' title="bbox 263 2629 1562 2674; baseline 0 -11"><span class='ocrx_word' id='word_1_264' title='bbox 263 2630 275 2656; x_wconf 91' lang='lat'>1</span> <span class='ocrx_word' id='word_1_265' title='bbox 300 2631 323 2663; x_wconf 93' lang='lat' dir='ltr'>i.</span> <span class='ocrx_word' id='word_1_266' title='bbox 343 2641 371 2663; x_wconf 86' lang='lat' dir='ltr'>e.</span> <span class='ocrx_word' id='word_1_267' title='bbox 391 2631 602 2665; x_wconf 81' lang='lat' dir='ltr'>Martianus.</span> <span class='ocrx_word' id='word_1_268' title='bbox 651 2630 667 2656; x_wconf 78' lang='lat'>2</span> <span class='ocrx_word' id='word_1_269' title='bbox 692 2641 737 2663; x_wconf 82' lang='lat' dir='ltr'>ex</span> <span class='ocrx_word' id='word_1_270' title='bbox 756 2630 859 2664; x_wconf 82' lang='lat' dir='ltr'>Mart.</span> <span class='ocrx_word' id='word_1_271' title='bbox 886 2629 972 2674; x_wconf 83' lang='lat' dir='ltr'>Cap.</span> <span class='ocrx_word' id='word_1_272' title='bbox 990 2631 1049 2674; x_wconf 72' lang='lat' dir='ltr'>VI,</span> <span class='ocrx_word' id='word_1_273' title='bbox 1069 2631 1146 2664; x_wconf 79' lang='lat'>623.</span> <span class='ocrx_word' id='word_1_274' title='bbox 1167 2631 1340 2666; x_wconf 75' lang='lat'><strong>626-27.</strong></span> <span class='ocrx_word' id='word_1_275' title='bbox 1391 2631 1406 2657; x_wconf 91' lang='lat'>3</span> <span class='ocrx_word' id='word_1_276' title='bbox 1430 2631 1562 2674; x_wconf 76' lang='lat' dir='ltr'>XXIII,</span> 
     </span>
     <span class='ocr_line' id='line_1_35' title="bbox 167 2688 722 2732; baseline 0 -11"><span class='ocrx_word' id='word_1_277' title='bbox 167 2689 268 2724; x_wconf 68' lang='lat'>1—4.</span> <span class='ocrx_word' id='word_1_278' title='bbox 319 2688 334 2714; x_wconf 75' lang='lat'>4</span> <span class='ocrx_word' id='word_1_279' title='bbox 359 2689 402 2732; x_wconf 76' lang='lat'>11,</span> <span class='ocrx_word' id='word_1_280' title='bbox 429 2688 578 2722; x_wconf 66' lang='lat'>84-87.</span> <span class='ocrx_word' id='word_1_281' title='bbox 719 2701 722 2703; x_wconf 96' lang='lat'>·</span> 
     </span>
    </p>
   </div>
   <div class='ocr_carea' id='block_1_9' title="bbox 1593 1045 1631 1076">
    <p class='ocr_par' dir='ltr' id='par_1_10' title="bbox 1593 1045 1631 1076">
     <span class='ocr_line' id='line_1_36' title="bbox 1593 1045 1631 1076; baseline -0.053 0"><span class='ocrx_word' id='word_1_282' title='bbox 1593 1046 1601 1076; x_wconf 90' lang='lat' dir='ltr'>I</span> <span class='ocrx_word' id='word_1_283' title='bbox 1611 1045 1631 1076; x_wconf 77' lang='lat' dir='ltr'><em>O</em></span> 
     </span>
    </p>
   </div>
   <div class='ocr_carea' id='block_1_10' title="bbox 1588 1364 1631 1396">
    <p class='ocr_par' dir='ltr' id='par_1_11' title="bbox 1588 1364 1631 1396">
     <span class='ocr_line' id='line_1_37' title="bbox 1588 1364 1631 1396; baseline 0.023 -1"><span class='ocrx_word' id='word_1_284' title='bbox 1588 1364 1631 1396; x_wconf 83' lang='lat'>15</span> 
     </span>
    </p>
   </div>
   <div class='ocr_carea' id='block_1_11' title="bbox 1589 2000 1630 2032">
    <p class='ocr_par' dir='ltr' id='par_1_12' title="bbox 1589 2000 1630 2032">
     <span class='ocr_line' id='line_1_38' title="bbox 1589 2000 1630 2032; baseline 0.024 -1"><span class='ocrx_word' id='word_1_285' title='bbox 1589 2000 1630 2032; x_wconf 65' lang='lat'>25</span> 
     </span>
    </p>
   </div>
  </div>
 </body>
</html>
