1916 3254
278 991 322 1024 10

277 1314 320 1346 15

925 298 1182 335 „50—

348 410 389 447 in
409 409 520 447 urbis
540 408 692 446 Romae
711 406 841 456 gratia
859 406 1137 457 praedicanda.
1168 406 1291 445 Cuius
1311 406 1552 458 principium
1571 408 1747 457 Ligures

348 478 497 520 tenent,
529 471 674 510 dehinc
702 484 804 520 quae
833 471 1044 509 hubertate
1073 470 1150 508 soli
1177 475 1334 509 sacrata
1353 471 1565 521 occupavit
1584 472 1750 510 Etruria

348 537 458 586 regio
479 541 560 573 tam
580 534 771 583 indigetis
790 536 952 573 Aeneae
971 534 1133 573 foedere
1153 548 1272 583 quam
1300 534 1565 573 remediorum
1594 535 1748 584 origine

349 605 469 649 atque
500 600 628 650 ipsius
657 599 822 648 Tagetis
853 599 1084 637 exaratione
1113 599 1324 637 celebrata.
1381 598 1523 637 Umbri
1551 613 1642 637 mox
1671 599 1747 636 La-

348 664 529 713 tiumque
558 668 678 711 atque
707 663 840 700 hostia
869 661 1059 700 Tiberina
1079 668 1118 701 et
1139 662 1283 700 dehinc
1303 663 1390 712 ipsa
1419 668 1539 711 caput
1566 662 1748 711 gentium

348 728 477 766 Roma
511 727 609 766 viris
639 727 865 776 sacrisque,
910 727 1101 775 quamdiu
1134 726 1282 775 viguit,
1328 725 1526 764 caeliferis
1559 726 1747 765 laudibus

349 791 601 831 conferenda.
656 791 769 829 Haec
810 803 831 828 a
873 791 974 828 mari
1015 790 1190 829 sedecim
1230 790 1391 828 milibus
1432 803 1624 840 passuum
1667 790 1748 829 dis-

346 861 523 906 paratur.
579 855 736 893 Dehinc
762 854 858 892 litus
887 855 927 892 in
956 854 1196 892 Vulscorum
1224 867 1369 891 nomen
1397 859 1624 902 sortemque
1654 867 1748 892 con-

348 921 472 960 cessit
480 934 488 969 ;
509 922 520 947 l
547 933 640 957 mox
660 919 878 969 Campania
906 919 1175 967 Picentesque
1204 918 1253 955 ad
1273 917 1481 955 Lucanum
1508 918 1613 956 latus
1634 917 1746 956 Bric-

348 985 533 1033 ciumque
581 984 861 1032 coniungitur;
914 984 1026 1021 cuius
1068 982 1416 1032 promuncturium
1457 982 1499 1020 in
1539 982 1747 1021 meridiem

348 1055 607 1097 austrumque
641 1057 874 1098 respectans
903 1048 941 1084 in
972 1060 1080 1085 mare
1120 1046 1319 1097 procurrit
1356 1047 1525 1095 levaque
1554 1047 1616 1085 ala
1645 1047 1746 1085 inte-

346 1113 464 1151 rioris
494 1112 608 1150 sinus
636 1111 788 1150 fluenta
817 1111 1094 1162 complectitur
1121 1115 1166 1148 ut
1185 1111 1220 1149 si
1239 1125 1262 1148 a
1289 1111 1430 1160 primis
1459 1110 1632 1161 Alpibus
1652 1111 1747 1149 dex-

346 1185 453 1215 trum
473 1177 579 1214 latus
601 1184 641 1214 et
659 1177 803 1226 prolixi
825 1176 971 1213 montis
1000 1175 1163 1213 brachia
1193 1175 1488 1225 contempleris,
1518 1175 1745 1225 prominen-

346 1242 423 1279 tias
460 1241 659 1289 utrimque
695 1252 939 1289 componens
977 1243 1152 1277 teatrum
1187 1238 1388 1287 quoddam
1425 1239 1651 1289 inspectare
1686 1239 1746 1277 vi-

347 1306 480 1344 dearis
507 1304 717 1343 undarum.
756 1304 915 1341 Lunata
945 1303 1091 1353 quippe
1112 1307 1151 1340 et
1171 1302 1343 1350 quodam
1372 1302 1565 1340 emiciclio
1594 1302 1636 1339 in
1656 1316 1745 1353 pro-

346 1369 617 1408 muncturium
645 1372 863 1405 memorata
892 1366 1171 1405 circumfertur
1199 1366 1326 1404 Italia.
1365 1365 1550 1414 Denique
1578 1367 1626 1404 ab
1647 1366 1749 1416 ipsis

348 1433 529 1471 Gadibus
559 1445 635 1481 qua
665 1445 708 1470 se
736 1431 874 1469 fauces
902 1431 998 1469 freti
1027 1429 1296 1468 interfluentis
1324 1430 1528 1481 aperiunt,
1565 1431 1607 1468 in
1633 1430 1746 1468 Bric-

348 1498 452 1536 cium
481 1497 614 1535 sinum
635 1496 703 1545 qui
723 1500 785 1534 est
815 1495 970 1545 primus
999 1495 1198 1544 Europae,
1230 1495 1376 1532 emissa
1405 1495 1530 1532 maria
1560 1495 1748 1543 conquie-

347 1566 476 1601 scunt.
514 1561 685 1599 Interior
705 1573 799 1599 vero
820 1559 951 1608 tellus,
974 1572 1075 1608 quae
1095 1558 1136 1596 in
1157 1572 1347 1609 superum
1367 1572 1475 1597 mare
1495 1559 1748 1607 Bor-eamque

346 1625 561 1676 perfertur,
591 1624 746 1663 Histris
765 1624 958 1662 Liburnis
979 1623 1229 1672 caeterisque
1256 1623 1418 1674 populis
1448 1623 1748 1662 obscurioribus

348 1690 562 1728 habitatur.
614 1689 837 1727 Levorsum
867 1701 1024 1737 quoque
1053 1701 1096 1726 se
1125 1686 1252 1725 flectit
1280 1692 1319 1726 et
1346 1688 1441 1725 item
1471 1687 1627 1726 duobus
1655 1700 1747 1737 pro-

347 1754 584 1793 muncturiis
612 1753 745 1803 peltae
772 1752 1040 1791 Amazonicae
1068 1751 1238 1790 formam
1265 1751 1417 1801 reddit,
1453 1752 1594 1790 dextro
1624 1764 1748 1790 cornu

346 1820 638 1870 Leucopetram
667 1818 851 1867 tendens,
880 1818 970 1856 levo
999 1816 1175 1855 Latium.
1230 1816 1384 1854 Verum
1412 1815 1529 1854 Italia
1559 1816 1679 1854 etiam
1709 1818 1749 1854 ῖη

347 1884 458 1922 Pado
502 1883 666 1922 flumine
714 1882 971 1921 memoranda
1014 1895 1132 1931 quem
1178 1881 1318 1920 Gretia
1365 1880 1467 1919 dixit
1512 1881 1749 1919 Eridanum.

452 2091 476 2127 2
505 2102 536 2127 c.
568 2087 803 2137 dehincque,
833 2100 930 2125 corr.
961 2085 1107 2124 dehinc
1136 2099 1237 2135 quae
1267 2098 1298 2124 c.
1330 2058 1465 2123 etrurla
1494 2084 1540 2123 M
1592 2087 1615 2124 5
1646 2085 1748 2122 ostia

349 2154 467 2193 Mart.
503 2153 616 2203 (BR)
725 2155 748 2190 6
783 2152 904 2190 armis
933 2151 1032 2189 viris
1068 2150 1188 2189 Mart.
1297 2150 1319 2187 7
1357 2163 1550 2200 passuum
1586 2148 1748 2186 milibus

349 2219 468 2257 ,ΗΜΛ
542 2219 565 2255 9
594 2217 878 2265 Bruttiumque
908 2216 1028 2254 Mart.
1104 2217 1150 2253 11
1182 2228 1213 2253 c.
1243 2214 1369 2267 mar[e
1399 2214 1617 2266 proc]urrit
1669 2213 1750 2251 lae-

348 2295 478 2331 vaque
507 2282 584 2320 alia
622 2281 741 2319 Mart.
827 2281 874 2317 13
903 2280 1111 2318 brachium
1139 2279 1258 2317 illart.
1337 2281 1384 2316 14
1413 2284 1597 2329 spectare
1625 2276 1746 2315 Mart.

352 2348 398 2385 15
427 2345 664 2396 hemicyclio
686 2345 806 2383 Mart.
835 2345 903 2395 (B)
962 2345 1009 2382 16
1038 2348 1300 2382 memoratum
1330 2343 1449 2381 Mart.
1508 2342 1556 2380 17
1587 2355 1617 2380 c.
1649 2354 1750 2390 quas

350 2425 404 2461 se,
435 2424 531 2450 corr.
563 2424 641 2460 qua
709 2411 759 2450 20
786 2409 989 2461 profertur
1018 2409 1137 2448 Mart.
1206 2409 1325 2446 1stris
1355 2408 1472 2447 Mart.
1538 2412 1578 2446 et
1607 2405 1751 2445 ceteris

352 2476 471 2514 Mart.
528 2475 578 2512 23
607 2475 720 2513 laevo
750 2474 958 2512 Lacinium
989 2473 1105 2512 Mart.
1162 2473 1203 2511 in
1232 2475 1327 2511 dees!
1359 2471 1476 2510 Mart.
1534 2471 1585 2508 24
1614 2484 1645 2509 c.
1676 2470 1751 2509 eri-

350 2540 513 2578 dianum
544 2541 552 2577 i
582 2553 676 2578 eras.

450 2717 459 2743 1
489 2718 536 2751 ib.
568 2717 626 2759 VJ,
654 2717 824 2752 638-41.
