1916 3254
259 1099 304 1131 10

261 1420 302 1451 15

257 1744 303 1779 20

262 2066 304 2099 25

906 297 1169 332 Alo—

330 413 479 455 gasset.
535 406 650 443 Idem
680 405 890 443 Cornelius
924 412 1018 454 post
1047 410 1185 454 captos
1212 405 1338 443 Indos
1374 419 1446 455 per
1477 405 1732 443 Germaniam

330 469 556 518 navigavit,
590 469 667 506 hoc
694 473 856 519 peracto
886 467 1041 506 subdit:
1079 474 1287 506 ostensum
1313 473 1411 518 puto
1442 469 1635 507 ambitum
1664 483 1731 507 su-

330 532 500 583 perioris
535 537 688 583 terrae,
727 545 941 582 permenso
979 532 1022 570 in
1057 532 1251 570 circulum
1292 532 1393 570 mari
1435 533 1733 582 undiquesecus

331 597 577 645 navigatum.

331 742 394 796 [6]
427 743 484 784 De
515 743 725 786 succincta
755 744 896 785 terrae
919 741 1129 785 divisione
1160 754 1248 784 eum
1280 753 1405 784 causa
1436 741 1729 785 mediterranei

960 824 1103 855 maris.

433 904 537 942 Idem
579 917 729 943 causam
772 905 1039 943 mediterranea·
1079 907 1197 943 maris
1248 906 1413 954 inserens
1456 906 1567 943 αἰτει
1614 904 1734 943 Nunc

328 968 458 1019 ipsius
505 973 637 1007 terrae
685 968 926 1007 divisionem
974 974 1169 1018 quantum
1221 969 1373 1019 patitur
1421 968 1627 1007 succincta
1675 969 1735 1006 in-

329 1031 503 1070 sinuatio
539 1033 779 1071 memorabo.
838 1032 1021 1071 Oirculus
1064 1034 1194 1072 omnis
1236 1047 1381 1084 superq
1422 1032 1735 1082 habitabilisque

328 1096 504 1146 telluris,
535 1098 649 1135 ‘sicut
677 1097 860 1147 plerique
895 1102 1113 1147 testantur,
1151 1098 1192 1135 in
1221 1103 1305 1136 tres
1334 1104 1470 1148 partes
1509 1102 1572 1136 est
1600 1097 1733 1135 distri-

329 1161 469 1199 butus:
518 1162 740 1212 Europam,
788 1161 946 1212 Asiam,
996 1161 1269 1210 Africamque.
1339 1162 1519 1208 Quarum
1565 1162 1736 1212 primam

330 1231 450 1274 atque
491 1226 673 1263 ultimam
714 1226 956 1275 interruptio
994 1225 1152 1264 dissicit
1187 1227 1336 1264 oceani.
1395 1226 1497 1264 Nam
1525 1226 1735 1264 Adlantici

329 1289 522 1339 profundi
543 1303 591 1327 ex
612 1289 813 1328 Gaditano
842 1289 951 1328 fretu
979 1290 1042 1328 vis
1070 1289 1320 1328 intersecans
1347 1289 1551 1340 profunda
1578 1289 1735 1328 telluris

328 1353 528 1403 Lybicum
556 1355 604 1391 ab
633 1355 801 1404 Hybero
835 1354 942 1392 latus
978 1354 1152 1391 abscidit
1187 1358 1227 1391 et
1261 1353 1475 1392 confestim
1503 1366 1548 1391 se
1575 1353 1617 1391 in
1643 1366 1736 1403 pro·

327 1417 470 1468 pinqui
511 1417 633 1456 maris
675 1417 827 1456 fluenta
869 1417 1073 1456 diffundit.
1135 1418 1292 1468 Quippe
1328 1431 1351 1455 a
1387 1417 1588 1456 Gaditano
1632 1417 1735 1456 ostio

328 1481 558 1531 ingressum
604 1481 809 1520 interioris
856 1482 978 1520 maris
1020 1495 1090 1532 per
1136 1481 1433 1531 longitudinem
1481 1495 1624 1520 cursus
1667 1482 1736 1520 vix

329 1545 558 1594 quindecim
600 1546 707 1584 milia
748 1559 945 1596 passuum
985 1551 1265 1596 numerantur,
1313 1546 1486 1584 latitudo
1528 1559 1624 1584 vero
1666 1546 1736 1584 ubi

328 1611 540 1658 angustior
569 1610 757 1659 quinque,
796 1611 866 1649 ubi
895 1610 1046 1649 diffusa
1074 1616 1239 1661 septem,
1270 1611 1339 1649 ubi
1366 1610 1562 1661 prolixior
1595 1610 1734 1649 decem

329 1675 490 1712 milibus
530 1675 765 1725 explicatur.
821 1676 929 1714 Hinc
964 1675 1139 1724 denique
1173 1689 1246 1725 per
1281 1675 1465 1714 diversos
1501 1675 1614 1713 sinus
1643 1675 1735 1713 sub-

330 1739 591 1788 sidentesque
620 1753 782 1791 campos
810 1745 872 1777 tot
899 1740 1025 1778 maria
1059 1745 1120 1778 tot
1155 1739 1338 1789 fragores
1375 1745 1415 1778 et
1444 1746 1637 1789 quantum
1665 1753 1737 1789 per

331 1803 492 1842 diversa
520 1817 695 1852 aequora
713 1805 914 1843 tumescit.
954 1804 1162 1842 Undarum
1182 1818 1278 1843 vero
1298 1804 1368 1842 illa
1386 1805 1596 1855 proruptio
1616 1804 1735 1842 inter-

331 1867 494 1906 fluentis
529 1869 667 1907 oceani
704 1868 796 1907 leva
823 1869 1029 1918 Europam
1057 1868 1174 1919 facit,
1218 1869 1471 1918 Lybiamque
1501 1869 1653 1918 dextra,
1698 1874 1737 1907 et

331 1933 536 1970 montibus
565 1933 767 1981 utrimque
795 1933 1060 1971 concluditur.
1104 1933 1210 1971 Nam
1236 1933 1401 1984 Europa
1431 1932 1567 1983 Calpe,
1595 1933 1738 1971 Africa

331 1995 494 2034 Abinna
536 2002 670 2034 monte
713 1996 956 2047 despicitur,
1000 1996 1069 2048 qui
1111 1997 1314 2045 utrimque
1355 1997 1629 2047 prominentes
1658 1996 1738 2036 dici

333 2061 539 2099 columnae
574 2060 763 2098 Herculis
800 2067 1054 2108 meruerunt,
1099 2061 1206 2110 quod
1247 2061 1478 2100 testimonio
1520 2061 1738 2099 vetustatis

332 2125 480 2163 laboris
500 2125 693 2163 Herculei
721 2125 839 2163 limes
860 2126 900 2163 in
921 2125 1002 2163 illis
1024 2126 1077 2163 sit
1106 2131 1378 2175 consecratus,
1411 2125 1611 2174 siquidem
1631 2126 1737 2164 ultra

438 2248 461 2284 2
492 2261 523 2285 c.
548 2249 708 2298 proprie
743 2246 995 2299 naviga[b]at
1028 2247 1079 2285 ba
1117 2249 1155 2285 in
1190 2247 1231 2285 vi
1265 2256 1416 2286 correct.
1492 2248 1519 2284 4
1546 2247 1737 2298 navigato

334 2311 452 2350 Mart.
475 2311 588 2362 (BR)
643 2311 669 2349 8
703 2311 833 2361 ipsius
862 2311 1103 2350 divisionem
1132 2318 1263 2350 terrae
1293 2312 1411 2350 Mart.
1471 2314 1519 2349 12
1545 2312 1739 2362 dispescit

334 2374 472 2414 oceani
501 2375 622 2414 Mart.
655 2375 721 2426 (L)
790 2377 838 2415 13
867 2375 971 2414 freto
1002 2375 1122 2415 Mart.
1198 2378 1247 2416 14
1276 2389 1307 2414 c.
1337 2376 1388 2414 ad
1418 2389 1515 2415 corr.
1546 2377 1595 2414 ab
1625 2377 1738 2428 (deest

334 2440 476 2491 Mart.)
549 2441 595 2479 15
627 2439 791 2478 diffudit
820 2439 939 2477 Mart.
972 2439 1038 2489 (B)
1116 2442 1162 2477 16
1191 2441 1233 2478 in
1262 2440 1490 2490 ingressum
1519 2440 1640 2479 Mart.
1671 2441 1737 2491 (B)

336 2505 382 2542 17
420 2504 649 2553 quindecim
683 2518 789 2556 pass.
818 2505 926 2542 milia
957 2504 1076 2543 Mart.
1164 2506 1212 2542 1-8
1248 2518 1279 2543 c.
1310 2505 1440 2543 decim
1475 2519 1570 2544 corr.
1600 2506 1739 2544 decem

336 2570 383 2606 19
411 2569 520 2608 Hinc
549 2569 752 2608 defluxere
781 2569 903 2608 Mart.
961 2570 1012 2606 24
1040 2567 1173 2620 Abyla
1203 2576 1337 2608 monte
1368 2569 1487 2609 Mart.

432 2704 442 2730 1
470 2705 569 2738 Mart.
597 2705 657 2747 vl,
684 2703 855 2739 622—26.
