1916 3254
926 287 1187 323 ..20-

355 402 456 439 haec
484 399 643 438 Cretica
670 404 744 437 est,
799 397 1067 445 Phalangium
1095 407 1264 433 araneae
1291 407 1420 444 genus
1450 400 1521 444 est,
1558 395 1593 433 si
1620 394 1753 431 nisum

355 477 542 514 quaeras,
586 462 696 500 nulla
723 462 786 500 vis
815 459 1011 511 corporis,
1055 459 1091 497 si
1125 463 1385 509 potestatem,
1428 459 1512 496 ictu
1551 457 1753 495 hominem

355 541 512 567 veneno
542 525 745 564 interficit.

458 591 582 641 Lapis
611 602 769 639 quoque
796 588 920 626 Ideus
951 586 1122 625 dactilus
1151 586 1297 624 dicitur
1330 584 1486 623 insulae
1518 583 1612 621 huic
1638 583 1751 621 fami-

307 659 327 693 5
352 656 475 705 liaris,
507 654 652 693 coloris
679 652 812 702 ferrei,
843 653 1016 690 humano
1044 651 1178 701 pollici
1207 649 1359 688 similis.
1406 649 1536 687 Avem
1563 653 1752 686 noctuam

354 719 473 758 Creta
501 731 582 756 non
609 718 741 766 habet,
772 721 812 755 et
839 717 874 754 si
902 716 1142 764 inveniatur,
1172 714 1374 753 emoritur.

455 781 645 820 Abidosl
679 780 811 819 insula
845 793 967 830 super
993 779 1305 829 Hellespontum
1337 778 1469 828 posita
1502 780 1674 825 angusto
1711 782 1752 814 et

349 846 574 898 periculoso
605 845 705 884 mari
733 850 928 896 separata⁷
958 845 999 882 in
1028 857 1106 894 quo
1133 843 1284 882 Xerses
1312 847 1476 893 pontem
1503 855 1553 880 ex
1579 841 1749 879 navibus

349 910 445 950 fecit
474 915 514 948 et
542 910 582 947 in
613 909 792 948 Gretiam
819 910 990 947 transiit.

281 974 323 1007 10
456 973 590 1012 Choos
608 974 625 1001 2
653 973 784 1012 insula
812 973 1001 1012 adiacens
1028 973 1252 1024 provintiae
1270 973 1431 1010 Atticae
1451 972 1491 1009 in
1512 984 1590 1020 qua
1609 971 1748 1021 Hypo-

348 1044 478 1077 crates
514 1037 693 1076 medicus
721 1042 842 1075 natus
882 1042 955 1076 est.
1013 1036 1118 1085 Quae
1150 1045 1186 1074 ut
1216 1036 1347 1074 Varro
1383 1036 1499 1074 testis
1536 1040 1619 1081 est„
1662 1040 1748 1073 arte

346 1101 509 1140 lanificii
538 1102 668 1151 prima
695 1102 735 1139 in
755 1106 1035 1140 ornamentum
1061 1101 1301 1139 feminarum
1321 1100 1476 1138 claruit.
1513 1099 1558 1138 In
1579 1099 1747 1138 eodem-‘³

346 1166 445 1204 mari
486 1166 607 1204 etiam
642 1165 827 1216 Canopos
862 1166 945 1203 Nili
986 1166 1107 1215 ostio,
1151 1164 1258 1214 quod
1302 1164 1547 1214 Canopicum
1588 1169 1745 1211 vocant,

347 1230 465 1269 obvia
499 1235 578 1278 est;
616 1230 789 1268 Menelai
823 1230 1070 1279 gubernator
1110 1228 1297 1278 Canopus
1333 1228 1387 1266 ibi
1423 1229 1529 1267 forte
1571 1229 1746 1266 moriens

277 1300 320 1333 15
345 1307 489 1333 nomen
520 1295 685 1344 insulae,
716 1295 782 1332 illa
811 1295 913 1333 ostio
945 1294 1066 1332 dedit.
1124 1293 1275 1331 Pharos
1293 1293 1308 1319 4
1344 1305 1452 1330 nunc
1479 1292 1750 1331 Alexandriae

344 1364 467 1409 ponte
497 1359 766 1408 coniungitur,
798 1358 904 1406 olim,
933 1364 978 1396 ut
997 1358 1213 1396 Homerico
1243 1357 1418 1395 carmine
1445 1356 1649 1407 proditum
1675 1361 1748 1406 est,

345 1423 394 1460 ab
425 1422 576 1461 eisdem
606 1424 686 1461 oris
716 1436 837 1461 cursu
866 1422 944 1461 diei
973 1423 1097 1460 totius
1127 1422 1312 1471 abducta,
1352 1426 1391 1459 et
1421 1422 1453 1459 si
1483 1421 1537 1458 ita
1566 1434 1632 1460 res
1659 1421 1748 1469 fuit,

344 1486 472 1525 videri
500 1490 639 1537 potest
667 1486 994 1524 consectantibus
1015 1486 1055 1523 in
1074 1491 1233 1523 tantum
1253 1490 1428 1523 mutatas
1449 1498 1593 1523 causas
1612 1484 1749 1523 Nilum

342 1551 577 1601 praebuisse
613 1550 707 1588 dum
740 1550 879 1588 limum
913 1549 1085 1588 subinde
1113 1555 1153 1588 et
1180 1550 1370 1600 precipue
1409 1563 1499 1587 cum
1527 1549 1748 1587 exundaret

273 1618 319 1652 20
342 1615 467 1653 littori
502 1614 721 1653 adnectens
750 1620 873 1664 auget
910 1619 1039 1652 terras
1076 1614 1331 1664 spatiumque
1368 1614 1671 1662 augescentium
1706 1614 1746 1651 in

342 1679 474 1717 vicina
501 1679 607 1718 vada
634 1685 855 1729 promovet.

446 1743 625 1781 Plures5
667 1744 856 1794 Europae
896 1744 1098 1782 littoribus
1143 1744 1353 1794 appositae
1395 1749 1490 1781 sunt
1525 1743 1563 1780 in
1606 1745 1743 1791 Aegeo

341 1808 441 1845 mari
461 1821 585 1858 prope
601 1808 779 1846 Tratiam
798 1822 898 1858 quas
918 1809 1010 1858 quia
1029 1808 1264 1858 singillatim
1283 1809 1488 1846 nominare
1508 1806 1744 1857 perlongum

341 1876 413 1920 est,
443 1873 622 1910 notiores
650 1873 972 1922 perstrinximus.

196 1942 201 1946 “
270 1939 314 1974 25
446 1936 505 1974 lbi
535 1943 596 1974 est
616 1938 630 1962 ὅ
660 1936 759 1974 Chio
790 1938 932 1987 insula,
965 1937 1068 1988 Syra
1093 1938 1231 1986 lingua
1252 1939 1307 1975 ita
1328 1937 1538 1987 appellata,
1568 1950 1614 1975 eo
1635 1935 1740 1985 quod

339 1999 396 2037 ibi
423 2002 603 2039 nascitur
631 2002 794 2050 mastix3
828 2001 921 2052 Syri
950 2003 1055 2041 enim
1084 2003 1290 2040 masticem
1319 2002 1406 2040 chio
1435 2006 1592 2039 vocant.

446 2137 464 2172 1
488 2136 700 2186 phalangio
719 2135 795 2173 Sol.
827 2135 1062 2185 (falangium
1082 2137 1126 2187 S>
1183 2138 1205 2173 2
1228 2150 1258 2175 c.
1282 2128 1404 2175 ictum
1425 2137 1545 2174 ictum
1566 2136 1642 2175 Sol.
1665 2138 1737 2187 (Η)

337 2200 363 2237 4
389 2199 537 2238 Idaeus
567 2200 753 2250 dactylus
782 2199 858 2238 Sol.
934 2201 1088 2239 insulae
1117 2201 1181 2239 isti
1213 2200 1290 2239 Sol.
1365 2201 1389 2238 6
1419 2201 1632 2239 invehatur
1660 2201 1738 2239 Sol.

338 2263 468 2315 (138²)
551 2264 576 2301 8
604 2264 764 2302 Xerxes
793 2264 885 2303 Isid.
976 2267 1023 2302 12
1053 2265 1239 2303 inclaruit
1269 2265 1358 2303 Isid.
1434 2264 1621 2315 Canopus
1651 2264 1738 2303 Mel.

339 2328 387 2365 17
412 2341 443 2366 c.
475 2328 658 2378 obducta,
689 2341 786 2367 corr.
815 2329 864 2366 ab
923 2330 971 2367 18
991 2335 1169 2368 mutatae
1199 2329 1287 2368 Mel.
1344 2331 1393 2367 22
1413 2329 1619 2380 adpositae
1650 2328 1736 2367 Mel.

338 2393 427 2443 (A‘l)
457 2394 620 2443 Aegaeo
650 2393 737 2431 Mel.
769 2394 838 2443 (A)
896 2394 944 2432 23
975 2394 1186 2432 Thraciam
1214 2394 1302 2432 Mel.
1360 2396 1409 2434 25
1438 2394 1663 2445 appellatur
1691 2407 1737 2433 eo

336 2457 444 2506 quod
476 2458 530 2496 ibi
558 2458 703 2496 mastix
731 2459 910 2508 gignitur
940 2459 1029 2497 ΙείιἸ.

434 2593 445 2619 ¹
472 2604 517 2626 ex
544 2594 628 2627 Isid.
665 2593 762 2638 xlv,
796 2596 829 2638 6,
857 2596 911 2630 17.
983 2596 999 2621 2
1026 2607 1070 2629 ex
1097 2595 1182 2631 Isid.
1218 2595 1312 2638 X1V,
1347 2597 1379 2640 6,
1407 2595 1462 2629 18.
1536 2596 1551 2623 3
1576 2606 1621 2629 ex
1656 2595 1735 2629 Mel.

335 2651 381 2695 ΙΙ,
413 2652 489 2687 103.
555 2651 569 2679 ⁴
595 2664 640 2686 ex
668 2653 745 2686 Mel.
771 2654 815 2697 ΙΙ,
841 2654 919 2688 104.
986 2653 1001 2680 5
1027 2665 1071 2687 ex
1099 2655 1174 2687 Mel.
1207 2654 1252 2697 Π,
1280 2656 1357 2689 106.
1416 2655 1430 2679 *³
1456 2666 1499 2688 ex
1526 2653 1612 2688 Isid.
1640 2654 1736 2696 XIV,

335 2709 369 2753 6,
396 2710 452 2745 31.
