1916 3254
922 291 1156 326 ‚„2—

334 407 545 451 ceteraque
574 415 693 450 quam
719 400 892 450 plurima
921 404 1169 449 argumenta.
1210 399 1321 445 Quae
1350 413 1446 449 ergo
1474 401 1616 439 horum
1637 402 1740 440 rela-

333 467 442 505 tione
469 465 771 516 pernecessaria
800 464 944 502 exinde
971 463 1142 514 repperi,
1173 468 1367 512 quantum
1395 463 1493 501 mihi
1519 478 1593 514 pro
1621 465 1740 503 innu—

334 529 455 568 meris
490 533 572 567 tam
609 527 851 567 secularium
891 540 1025 566 rerum
1068 527 1175 565 curis
1211 541 1331 576 quam
1371 527 1501 566 nostri
1540 529 1738 579 propositi

334 593 503 631 habenis
538 591 741 630 mellifluis
770 592 890 629 huius
919 591 1102 641 opusculi
1139 591 1299 641 paginis
1327 591 1393 629 vel
1421 590 1573 630 eisdem
1602 604 1740 629 eorum

288 667 308 699 5
335 656 546 696 sententiis
583 656 650 694 vel
687 659 796 694 certe
829 655 1021 694 brevitati
1056 668 1218 705 operam
1252 655 1436 693 tribuens
1463 655 1564 693 meis
1603 653 1740 692 verbis

336 721 521 760 ordinare
537 719 667 768 sategi
682 723 892 768 totumque
908 719 1146 769 opusculum
1161 718 1200 756 in
1219 719 1377 756 duobus
1391 718 1539 756 libellis
1560 717 1741 765 distinxi,

334 785 391 822 ita
410 789 455 822 ut
483 784 637 835 primus
666 784 880 832 utriusque
907 783 1030 821 maris
1055 782 1422 831 Vocabulorumque
1441 795 1579 820 eorum
1599 795 1744 820 causas

335 861 410 886 nec
437 861 519 886 non
546 848 769 886 insularum
798 860 899 896 quae
928 847 968 884 in
998 847 1056 885 eis
1085 850 1181 885 sunt
1208 845 1322 896 sitae,
1354 847 1536 894 quamvis
1564 845 1744 883 breviter

337 912 517 961 digestas
546 911 781 960 contineret,
812 910 1014 949 secundus
1043 915 1177 949 autem
1205 910 1350 948 faciem
1378 914 1576 948 terrarum
1607 916 1742 948 aucto-

266 983 311 1019 10
335 989 425 1013 rum
459 975 622 1024 vigente
663 975 820 1013 ratione
858 975 1062 1013 succincte
1106 974 1355 1026 aliquantula
1397 973 1744 1012 demonstratione

336 1040 594 1091 patefaceret.

909 1238 1078 1301 [Liber
1121 1238 1181 1301 L]

446 1382 650 1420 Oceanum
687 1381 836 1419 extima
864 1380 1021 1418 telluris
1052 1382 1274 1418 mirabiliter
1303 1380 1530 1429 cingentem
1555 1381 1565 1407 1
1600 1382 1749 1431 suisque

338 1448 524 1499 fluoribus
553 1446 694 1483 medias
723 1445 919 1494 spatiatim
949 1451 1069 1482 terras
1096 1445 1252 1494 trifaria
1273 1445 1455 1483 divisione
1480 1452 1750 1495 permeantem‚

269 1517 312 1550 15
339 1512 404 1561 qui
424 1517 501 1548 tam
522 1509 648 1547 oculis
669 1508 824 1546 carneis
842 1509 859 1535 2
887 1521 1001 1558 quam
1027 1509 1177 1547 interno
1206 1511 1339 1547 mentis
1367 1510 1508 1547 intuitu
1527 1523 1634 1548 nosse
1654 1510 1747 1548 desi-

339 1576 466 1618 derat,
502 1575 664 1624 qualiter
690 1574 896 1610 multorum
924 1573 964 1610 id
992 1573 1238 1611 relationibus
1267 1574 1495 1612 declaratum
1524 1575 1590 1624 sit,
1629 1587 1748 1624 quan-

340 1640 453 1677 totius
482 1639 684 1688 emplorare
712 1638 925 1675 nullatenus
954 1638 1114 1681 abnuat,
1154 1644 1336 1688 quatenus
1375 1645 1449 1675 tam
1483 1639 1607 1676 maria
1636 1651 1747 1689 quam

341 1711 462 1741 terras
490 1715 567 1739 non
593 1715 662 1752 per
691 1702 820 1739 omnia
848 1702 985 1739 lmnine
1005 1702 1106 1739 visas
1126 1702 1255 1739 animo
1277 1709 1405 1740 cernat
1427 1703 1593 1752 aliosque
1615 1703 1750 1741 docens

340 1768 544 1805 multorum
572 1767 748 1804 laudetur
776 1766 907 1815 affatu.
948 1764 1142 1811 Quamvis
1161 1766 1176 1791 3
1205 1769 1339 1803 autem
1358 1765 1435 1803 hoc
1461 1779 1562 1816 opus
1591 1770 1751 1804 constet

269 1835 316 1869 20
339 1829 424 1869 fere
453 1830 634 1880 gentium
661 1829 919 1878 locorumque
947 1828 1178 1867 nominibus
1207 1834 1248 1867 et
1276 1842 1414 1868 eorum
1433 1830 1622 1880 perplexo
1650 1829 1755 1867 satis

342 1894 494 1943 ordine,
527 1907 644 1942 quem
672 1893 861 1944 persequi
889 1893 1010 1942 longa
1044 1898 1107 1931 est
1142 1893 1272 1943 magis
1311 1907 1431 1942 quam
1464 1893 1640 1943 benigna
1669 1907 1750 1931 ma.-

341 1959 460 2008 teria,
497 1958 625 2008 aspici
653 1962 787 1995 tamen
817 1958 1085 2006 cognoscique
1115 1957 1411 2006 dignissimum.
1468 1957 1542 1996 Sed
1571 1959 1748 2008 quoniam

342 2025 411 2062 lefoc
438 2035 542 2061 mare
573 2035 753 2061 oceanum
780 2023 912 2060 variis·
931 2023 1091 2059 sortitur
1118 2022 1347 2065 nominibus,
1376 2023 1462 2059 hinc
1489 2033 1613 2071 pauca
1641 2033 1745 2071 prae-

342 2088 458 2125 libare
487 2087 717 2129 curarimus,
747 2098 820 2135 quo
849 2086 1050 2124 dilucidius
1079 2098 1174 2135 qnae
1204 2087 1304 2123 dicta
1333 2086 1491 2135 fuerint,
1525 2085 1751 2134 pandantur

271 2153 316 2187 25
344 2153 398 2190 ita
428 2158 465 2189 ut
492 2152 618 2201 primo
648 2151 802 2199 clareat,
832 2151 924 2200 quid
952 2151 1082 2200 linqua
1110 2150 1279 2187 humana
1309 2162 1487 2187 oceanum
1517 2150 1682 2199 appellet.

567 2272 585 2300 h

450 2309 476 2346 4
510 2321 542 2346 c.
581 2307 720 2346 abenis
757 2306 804 2346 M
882 2305 1100 2359 mellifluis]
1146 2308 1249 2345 licuit
1293 2308 1430 2345 seleeint
1476 2320 1523 2345 :u
1567 2311 1752 2355 erfJiInzen

347 2374 564 2412 Duemmler
653 2372 676 2410 9
707 2385 739 2410 c.
769 2375 933 2410 auctore
966 2371 1151 2420 vigente,
1189 2384 1289 2409 corr.
1328 2376 1537 2410 auctorum
1565 2385 1615 2410 eoe
1640 2384 1752 2422 prae-

346 2438 491 2488 fatione
521 2437 673 2475 secundi
701 2437 788 2474 libri
842 2436 892 2473 25
922 2449 954 2475 c.
984 2435 1172 2486 appellat,
1205 2448 1304 2473 corr.
1335 2440 1374 2473 et

446 2595 456 2622 ¹
483 2596 528 2630 cf.
550 2595 713 2628 Martian.
732 2593 818 2638 Cap.
838 2593 899 2638 VI,
918 2592 985 2627 617
1003 2592 1219 2626 rotunditatis
1245 2600 1354 2627 autem
1380 2597 1488 2637 ipsius
1513 2597 1601 2627 circa
1626 2597 1753 2627 extima

347 2654 572 2697 circumfusus
603 2653 706 2686 ambit
737 2664 887 2686 oceanus
936 2650 952 2678 2
977 2651 1046 2685 Job
1073 2652 1129 2696 10,
1156 2654 1175 2686 4
1204 2653 1384 2697 numquid
1418 2653 1513 2687 oculi
1539 2653 1659 2686 carnei
1687 2653 1753 2686 tibi

349 2717 443 2748 sunt.
495 2713 510 2740 3
536 2711 695 2756 Quamvis
721 2731 764 2736 —
789 2710 1027 2754 diynissimum
1052 2721 1096 2743 ex
1124 2711 1217 2744 Mela.
1244 2712 1268 2750 1,
1296 2712 1326 2745 1.
