1916 3254
729 278 989 314 —31—

159 389 235 426 bus
268 388 335 426 illo
369 393 621 438 pergeretur3
658 401 750 425 mox
786 400 906 425 cursu
941 391 1169 425 nostrarum
1202 385 1366 424 navium
1401 389 1554 435 septem

160 452 314 490 dierum
341 451 418 489 iter
444 451 596 490 factum
625 457 698 490 est.
735 451 849 488 Mare
868 451 1064 489 vadosum
1091 449 1302 488 interiacet
1329 448 1554 487 altitudinis

159 529 238 553 non
277 516 448 566 amplius
491 529 632 554 senum
673 528 882 565 passuum,
926 515 1047 553 certis
1082 518 1214 552 autem
1252 513 1458 551 canalibus
1488 513 1553 550 de-

156 593 341 631 pressum
376 580 491 629 adeo,
535 584 580 616 ut
615 592 689 617 nec
723 592 911 627 umquam
949 579 1121 616 anchore
1149 578 1189 615 in
1218 577 1418 628 profunda
1446 577 1553 614 illius

156 644 418 682 fundamenta
451 644 656 694 potuerint
683 642 907 692 pervenire.
963 642 1086 680 Nulla
1114 642 1154 679 in
1182 641 1410 690 navigando
1446 641 1550 679 side·
1603 649 1621 677 5

158 722 246 746 rum
276 708 518 756 observatio,
548 711 688 757 utpote
716 707 784 744 ubi
814 706 1109 755 septentriones
1138 719 1387 754 nequaquam
1415 705 1552 743 viden-

159 778 225 810 tur
244 771 435 821 vergiliae
463 783 681 818 numquam
709 775 922 819 apparent;
951 769 1084 806 lunam
1105 770 1154 807 ab
1176 775 1318 807 octava
1336 769 1378 807 in
1398 773 1552 807 sextam

158 835 351 874 decimam
384 839 541 872 tantum
577 846 699 883 supra
732 838 882 871 terram
918 833 1070 871 vident.
1126 833 1255 871 Lucet
1286 834 1341 871 ibi
1377 846 1551 883 canopos

156 900 269 937 sidus
299 899 450 937 clarum
478 902 518 935 et
546 896 668 934 situm
697 897 821 934 solem
849 897 1043 934 orientem
1078 896 1218 934 dextra
1254 897 1414 946 habent,
1451 896 1551 935 occi-

156 964 316 1001 dentem
344 961 519 999 sinistra.
577 960 868 998 Observatione
905 960 1041 1009 itaque
1075 960 1293 1009 navigandi
1320 961 1431 998 nulla
1460 974 1552 1011 sup·
1579 964 1621 998 10

153 1029 314 1076 petente
341 1029 386 1061 ut
414 1024 465 1061 ad
493 1024 740 1062 destinatum
768 1028 982 1074 pergentes
1018 1023 1148 1061 locum
1184 1024 1364 1074 capiunt,
1400 1025 1552 1063 vehunt

152 1088 286 1139 alites,
325 1101 494 1136 quarum
528 1092 684 1126 meatus
718 1092 868 1126 terram
902 1088 1124 1137 petentium
1158 1088 1374 1137 magistros
1403 1089 1552 1126 habent

154 1165 295 1190 cursus
323 1152 502 1201 regendi.
561 1151 776 1197 Quaternis
812 1165 893 1189 non
928 1150 1103 1201 amplius
1137 1152 1343 1190 mensibus
1377 1153 1418 1190 in
1447 1166 1550 1191 anno

154 1216 382 1265 navigatur.

254 1280 304 1317 In
333 1279 491 1318 Claudii
519 1278 746 1329 principatu
776 1280 825 1317 de
854 1279 1091 1328 Taprobane
1118 1279 1218 1318 haec
1246 1285 1403 1318 tantum
1431 1294 1550 1318 nove-
1576 1284 1620 1316 15

149 1356 297 1380 ramus.
346 1343 459 1381 Tunc
488 1343 593 1381 enim
622 1342 784 1380 fortuna
811 1343 1003 1392 patefecit
1031 1343 1201 1381 scientia
1219 1344 1326 1382 viam
1354 1345 1548 1383 latiorem.

150 1407 254 1445 Nam
282 1407 451 1445 libertus
480 1406 615 1456 Annii,
646 1407 714 1455 qui
742 1411 839 1445 tunc
867 1406 997 1444 Rubri
1024 1408 1146 1445 maris
1181 1408 1355 1457 vectigal
1384 1409 1550 1446 admini—

151 1472 324 1520 strabat,
365 1471 558 1508 Arabiam
600 1475 754 1521 petens,
798 1471 1052 1519 aquilonibus
1095 1477 1253 1521 praeter
1294 1472 1549 1511 Germaniam

150 1539 302 1584 raptus,
340 1534 479 1583 quinto
510 1534 662 1572 decimo
692 1535 852 1572 demum
882 1534 946 1573 die
976 1535 1169 1585 adpulsus
1189 1540 1252 1574 est
1271 1536 1319 1574 ad
1348 1537 1424 1575 hoc
1451 1537 1548 1575 litus

150 1603 389 1650 portumque
418 1598 630 1645 advectus,
667 1599 735 1646 qui
762 1599 988 1648 Hyppurus
1015 1599 1260 1645 nominatur;
1305 1613 1375 1638 sex
1404 1601 1547 1640 deinde
1572 1603 1619 1637 20

149 1664 356 1701 mensibus
408 1676 632 1700 sermonem
686 1663 904 1711 perdoctus
959 1663 1188 1712 missusque
1232 1664 1283 1701 ad
1336 1665 1547 1714 conloquia

149 1727 281 1775 regiS,
335 1739 437 1775 quae
498 1732 769 1776 compererat,
824 1728 1069 1777 reportavit:
1137 1730 1341 1779 stupuisse
1393 1730 1545 1769 scilicet

149 1803 285 1839 regem
335 1791 545 1840 pecuniam
601 1804 702 1839 quae
761 1797 917 1841 captam
979 1805 1068 1829 cum
1128 1792 1214 1842 ipso
1274 1797 1381 1842 erat;
1439 1794 1545 1842 quod

149 1854 310 1892 tametsi
344 1854 542 1902 signatam
579 1854 807 1905 disparibus
836 1854 941 1893 foret
974 1855 1171 1905 vultibus,
1210 1861 1344 1895 tamen
1380 1857 1545 1896 haberet

147 1917 309 1955 modum
350 1918 552 1967 ponderis.
616 1917 740 1956 Cuius
782 1919 1037 1968 aequalitatis
1079 1921 1414 1971 contemplatione
1456 1936 1545 1960 cum
1569 1926 1614 1959 25

251 2163 274 2199 3
304 2163 510 2201 canalibus
540 2165 636 2201 incer
663 2177 686 2201 a
714 2172 746 2201 et
774 2177 801 2200 n
829 2165 952 2203 littera
981 2179 1089 2203 erasa
1116 2168 1312 2206 verisimile
1331 2182 1351 2205 r
1404 2169 1430 2206 4
1457 2170 1543 2207 nul-

123 2225 207 2262 ·-lae
228 2225 286 2276 (h)
314 2239 502 2275 umquam
530 2240 700 2265 ancorae
728 2227 778 2265 ad
805 2228 996 2278 profundi
1027 2230 1098 2280 (H)
1118 2229 1194 2268 Sol.
1251 2233 1274 2268 ἴ)
1304 2245 1335 2271 c.
1367 2233 1543 2282 poterint

147 2301 243 2326 corr.
272 2291 476 2339 potuerint
531 2295 551 2329 7
573 2292 843 2341 vergiliaeque
863 2291 941 2330 Sol.
965 2293 1037 2344 (H)
1093 2296 1116 2331 9
1137 2295 1286 2333 clarum
1316 2302 1355 2334 et
1383 2298 1542 2347 amplis-

148 2352 292 2390 simum
320 2353 396 2391 Sol.
428 2355 585 2403 (scitam
614 2356 670 2407 Η)
745 2356 910 2394 dextero
941 2356 1018 2395 Sol.
1050 2359 1121 2409 (H)
1197 2360 1242 2396 11
1275 2361 1434 2410 capiant
1462 2361 1541 2401 Sol,

147 2416 196 2452 15
215 2416 483 2467 principatum
504 2418 581 2456 Sol.
603 2420 674 2471 (H)
732 2421 780 2457 16
801 2420 995 2459 scientiae
1014 2421 1092 2460 Sol.
1152 2423 1199 2460 17
1219 2424 1344 2462 Annii
1364 2425 1541 2464 Plocami

145 2513 222 2553 Sol.
281 2517 328 2555 18
358 2516 609 2555 Carmaniam
638 2517 714 2557 Sol.
746 2520 803 2571 (h)
861 2522 912 2560 20
938 2521 1144 2572 Hippuros
1173 2522 1249 2561 Sol.
1283 2524 1355 2576 (H)
1413 2539 1444 2563 c.
1473 2499 1540 2576 nao-

148 2613 325 2651 minatur
352 2614 401 2653 M
453 2615 499 2652 21
532 2629 563 2653 c.
594 2589 720 2655 misus
748 2618 796 2656 M
835 2619 1035 2658 admissus
1064 2620 1140 2659 Sol.
1164 2621 1236 2672 (Η)
1293 2623 1342 2660 23
1372 2629 1539 2674 capta..

148 2677 305 2726 signata
334 2678 411 2717 Sol.
469 2681 519 2718 24
547 2693 682 2730 parem
710 2681 877 2720 haberet
905 2683 980 2722 Sol.
