1916 3254
226 936 271 968 1o

230 1260 271 1290 15

231 1579 276 1611 20

863 244 1124 281 -56-

293 368 539 405 magnasque
568 353 692 392 ambit
719 353 873 391 insulas
902 366 1070 401 quarum
1098 353 1288 403 plerqque
1308 358 1404 391 sunt
1423 358 1504 391 tam
1523 353 1704 392 diffusae·

294 425 334 459 et
361 423 475 470 vasto
504 417 815 466 magnitudinis,
851 422 896 454 ut
932 417 1001 455 vix
1037 430 1103 455 eas
1140 417 1294 455 dierum
1333 416 1509 466 quinque
1552 431 1696 456 cursus

293 486 570 534 praetermeet,
599 480 783 530 quamvis
805 480 985 518 concitus
1006 481 1061 518 ibi
1079 480 1245 519 feratur.
1278 480 1540 519 Nobilissima
1560 494 1696 519 eorum

294 552 357 586 est
385 546 501 595 Eroe,
539 545 688 583 circum
718 558 837 593 quam
866 544 1040 583 diffusus
1077 545 1218 583 dextro
1258 545 1371 582 alveo
1401 545 1577 595 Astapes
1606 545 1697 583 levo

296 611 518 649 Astabores
547 609 789 647 nominatur.
837 608 951 647 Tunc
980 622 1138 658 quoque
1167 608 1339 646 emissus
1368 622 1512 657 magna
1540 609 1698 657 longin-

297 688 375 723 qua
413 687 502 712 cum
536 673 711 723 primum
754 673 1037 711 occurentibus
1080 672 1258 723 scopulis
1301 679 1529 722 asperatur,
1573 672 1697 710 tantis

296 738 524 787 agminibus
562 736 767 775 extollitur
805 736 912 774 inter
941 736 1097 774 obiecta
1125 735 1303 786 rupium,
1346 740 1392 773 ut
1419 749 1536 773 ruere
1564 735 1698 785 potius

298 815 417 851 quam
445 814 606 839 manare
636 800 842 849 credatur,
872 800 1110 850 demumque
1139 814 1162 838 a
1190 805 1390 838 cateracte
1419 800 1558 838 ultimo
1587 805 1701 838 tutus

296 871 368 906 est.
424 866 489 903 Ita
523 865 629 903 enim
663 865 858 914 quaedam
893 864 1070 903 claustra
1105 866 1191 904 eius
1219 864 1414 915 Aegyptii
1448 871 1696 914 nuncupant.

296 929 453 968 Relicto
491 934 626 967 tamen
663 929 739 967 hoc
778 942 883 979 pone
919 942 962 967 se
1003 930 1182 979 nomine,
1223 929 1331 978 quod
1374 928 1483 966 Giris
1520 933 1700 977 vocatur,

296 994 414 1032 moxl
443 992 667 1032 inoffensus
696 997 823 1041 meat;
855 998 1010 1043 septem
1039 993 1154 1031 ostiis
1185 993 1389 1041 conditur,
1421 993 1461 1029 in
1490 992 1699 1030 meridiem

296 1071 440 1097 versus
469 1058 669 1107 excipitur
696 1057 902 1107 Aegyptio
931 1057 1043 1095 mari.
1099 1057 1235 1106 Ignari
1271 1071 1463 1107 superum
1502 1057 1567 1095 vel
1594 1057 1700 1094 loco-

297 1138 385 1163 rum
414 1124 549 1161 varias
579 1122 629 1160 de
659 1123 891 1161 excessibus
929 1121 1016 1160 eius
1053 1135 1194 1160 causas
1230 1123 1446 1171 dederunt3
1491 1122 1558 1160 alii
1593 1121 1700 1159 affir-

298 1192 420 1236 mant,
451 1187 654 1225 aethesias
682 1186 850 1224 nubium
879 1185 1122 1224 densitatem
1151 1187 1219 1224 illo
1250 1199 1404 1236 cogere,
1435 1186 1542 1224 unde
1571 1186 1700 1223 amnis

298 1252 363 1290 hic
398 1250 646 1301 auspicatur,
683 1251 896 1300 ipsumque
933 1249 1088 1287 fontem
1122 1250 1290 1288 humore
1328 1263 1475 1299 supero
1505 1250 1702 1298 agitatum

298 1320 452 1353 tantam
480 1314 756 1352 inundationis
785 1314 934 1351 habere
963 1313 1242 1363 substantiam,
1274 1318 1468 1362 quantum
1496 1312 1633 1363 pabuli
1653 1312 1704 1350 ad

299 1380 496 1428 liquorem
537 1378 675 1416 nubila
711 1377 1119 1416 subministraverint.
1174 1378 1329 1416 Ferunt
1363 1377 1431 1415 alii
1467 1377 1573 1426 quod
1608 1390 1704 1415 ven-

299 1448 432 1482 torum
467 1441 630 1480 flatibus
667 1455 931 1492 repercussus
973 1455 1062 1480 cum
1104 1441 1253 1480 fluores
1299 1442 1442 1480 solitae
1479 1441 1705 1480 velocitatis

301 1520 381 1546 non
401 1511 575 1556 quaeant
594 1506 832 1556 promoveri,
863 1506 978 1554 aquis
998 1505 1039 1543 in
1059 1510 1146 1544 arto
1166 1507 1415 1544 luctantibus
1444 1507 1706 1544 intumescat:

302 1576 341 1609 et
371 1585 447 1620 quo
477 1571 686 1621 inpensius
717 1570 968 1609 controversi
998 1570 1166 1621 spiritus
1194 1571 1531 1620 repugnaverint,
1564 1583 1609 1607 eo
1641 1583 1707 1607 ex-

303 1635 449 1673 celsius
479 1633 686 1673 sublimari
714 1634 756 1672 in
790 1634 1017 1672 altitudinis
1052 1635 1226 1673 vertices
1254 1647 1533 1685 repercussam
1569 1633 1706 1672 celeri-

302 1704 437 1748 tatem,
467 1699 627 1748 quando
657 1711 732 1737 nec
761 1698 907 1736 solitus
937 1703 1127 1737 extenuet
1156 1711 1299 1736 cursus
1319 1699 1478 1736 alveum
1499 1703 1538 1736 et
1557 1697 1707 1747 stipato

304 1765 382 1802 iam
416 1763 579 1801 flumine
622 1763 737 1802 venis
781 1762 1043 1812 originalibus
1086 1763 1264 1813 pondera
1306 1762 1610 1813 supervenient:
1653 1761 1710 1799 ita

411 1951 434 1987 2
463 1963 494 1988 c.
525 1922 639 1999 vesto
668 1949 716 1988 M
725 1951 733 1976 ¹
842 1963 963 1988 cursu
991 1949 1069 1988 Sol.
1102 1950 1159 1999 (Η
1178 1949 1284 1999 Dic.)
1404 1950 1428 1986 3
1457 1950 1507 1987 ad
1535 1954 1711 1999 praeter-

307 2020 411 2053 meet
452 2015 588 2064 ἱερέων
626 2016 665 2052 in
702 2015 872 2063 maryine
906 2018 1149 2063 pretermeet
1184 2013 1231 2051 M
1337 2026 1473 2051 earum
1515 2012 1592 2050 Sol.
1638 2011 1712 2063 (H)

306 2080 332 2116 4
359 2079 496 2117 Meroe
524 2077 602 2116 Sol.
707 2077 863 2115 divisus
901 2077 1063 2115 dextero
1102 2076 1164 2128 (S)
1202 2076 1282 2115 Sol.
1371 2078 1596 2127 Astosapes
1634 2074 1711 2112 Sol.

310 2146 394 2195 (1³2)
469 2147 492 2182 ἴ)
522 2157 708 2182 emensus
737 2143 813 2182 Sol.
887 2144 912 2181 8
940 2156 972 2181 c.
1002 2141 1198 2195 man[ar]e
1274 2144 1323 2179 lo
1350 2155 1428 2191 quo
1457 2141 1597 2190 Nigris
1625 2154 1713 2179 voc.

309 2209 386 2248 Sol.
418 2209 475 2261 (H
496 2209 599 2258 Dic.)
702 2209 749 2246 12
778 2207 895 2257 gnari
925 2207 1103 2245 siderum
1134 2206 1211 2245 Sol.
1312 2207 1360 2243 13
1389 2206 1604 2244 adfirmant
1634 2205 1713 2243 sol.

311 2275 361 2311 14
389 2274 536 2312 etesias
566 2272 643 2311 Sol.
754 2273 802 2311 15
832 2285 862 2311 c.
894 2271 1163 2322 ausispicatur
1190 2271 1225 2309 is
1255 2284 1348 2309 era&
1432 2283 1606 2321 superno
1637 2269 1714 2307 Sol.

311 2338 465 2389 (Bern.)
524 2337 572 2374 18
600 2337 855 2376 fluorem...
878 2341 998 2385 queat
1026 2348 1261 2386 promovere
1283 2334 1392 2386 (HS)
1423 2334 1501 2372 Sol.
1558 2336 1607 2372 ⁸23
1637 2333 1711 2372 flu-

311 2401 432 2454 mine]
465 2403 502 2440 in
534 2414 651 2452 morq.
681 2403 871 2451 superiore
901 2415 924 2438 a
947 2400 992 2437 M
1002 2401 1008 2426 ¹
1039 2402 1180 2450 scripta
1208 2402 1401 2450 loquutur:
1433 2399 1508 2438 hoc
1527 2399 1717 2437 Matheus

313 2467 442 2504 aiens:
487 2466 688 2504 hominem
730 2464 973 2514 generaliter
1014 2464 1154 2514 implet
1196 2472 1306 2514 alque
1349 2465 1558 2502 litterarum
1595 2475 1717 2512 maque-

367 2529 605 2569 torrentium
635 2530 708 2581 (Η)
738 2543 776 2580 p.
807 2529 1093 2579 superveniant
1123 2528 1199 2566 Sol.

413 2655 423 2680 ¹
448 2655 496 2688 ib.
525 2653 654 2697 xxxi,
681 2656 736 2689 8-
754 2655 807 2687 15.
