1916 3254
288 597 310 631 5

266 914 311 948 10

269 1240 312 1273 15

904 225 1162 262 -64-

334 339 496 389 fugiunt
525 337 778 386 commercia,
813 336 914 374 nulli
948 341 1082 375 extero
1117 335 1276 375 misceri
1310 337 1460 375 sinunt.
1513 336 1730 375 Blemmias

336 403 505 442 credunt
545 407 710 439 truncos
751 399 864 438 nasci
904 404 1019 450 parte
1062 413 1139 449 qua
1174 405 1293 451 caput
1328 404 1407 449 est,
1451 413 1495 438 os
1529 405 1663 438 tamen
1691 407 1731 438 et

336 467 472 505 oculos
501 466 648 504 habere
677 465 719 502 in
747 468 919 514 pectore.
976 463 1112 513 Satyri
1147 464 1248 502 nihil
1282 463 1390 501 aliud
1419 463 1468 502 de
1502 464 1731 503 hominibus

335 531 580 582 praeferunt,
611 541 732 578 quam
760 528 942 577 figuram.
985 529 1230 578 Aegypanes
1259 528 1334 566 hoc
1363 533 1458 566 sunt
1485 529 1593 576 quod
1620 529 1733 579 pingi

336 594 530 633 videmus.
604 591 938 642 Hymantopodes
985 591 1103 630 fluxis
1156 593 1311 630 nisibus
1359 605 1520 629 crurum
1567 598 1733 642 serpunt

335 658 469 709 potius
498 670 618 706 quam
652 656 845 694 incedunt
873 660 912 694 et
939 655 1134 706 pergendi
1163 669 1278 693 usum
1307 656 1422 705 lapsu
1451 655 1581 705 magis
1611 656 1734 694 desti-

335 727 434 759 nant
463 735 582 770 quam
611 721 810 769 ingressu.
866 720 1063 758 Pharussi
1093 733 1181 758 cum
1209 720 1376 758 Herculi
1405 719 1455 757 ad
1484 720 1734 770 Hesperidas

335 786 520 837 pergenti
548 784 683 823 forent
712 783 890 833 comites,
919 783 1076 822 itineris
1108 784 1217 822 tedio
1250 784 1344 821 hinc
1376 784 1626 823 resederunt.
1656 786 1734 824 Ac-

336 856 455 888 tenus
476 850 624 900 Lybia;
656 850 789 887 abhinc
817 849 974 898 fandum
1006 850 1048 887 (Ie
1069 849 1173 886 Asia.
1213 847 1491 886 Jla›·cianus.·1
1519 849 1734 899 Aegyptus

336 914 493 962 deinde,
529 913 605 951 hoc
634 918 696 951 est
723 912 846 950 Asiae
876 918 1014 962 caput,
1053 925 1154 961 quae
1182 926 1262 950 una
1289 913 1337 950 ab
1369 912 1471 950 ostio
1502 912 1656 964 Canopi
1684 914 1736 952 ad

336 978 513 1016 hostium
549 977 671 1016 Ponti
711 977 832 1015 habet
872 976 997 1015 vicies
1040 977 1189 1015 sexties
1232 982 1400 1015 centena
1442 976 1607 1026 triginta
1644 983 1734 1016 octo

337 1041 445 1080 milia
473 1054 683 1092 passuum,
720 1042 768 1079 ab
799 1054 865 1079 ore
895 1046 1028 1078 autem
1056 1040 1177 1078 Ponti
1214 1040 1265 1078 ad
1300 1054 1345 1079 os
1373 1041 1519 1079 Meotis
1556 1041 1736 1080 sedecies

338 1111 505 1144 centena
533 1105 792 1155 septuaginta
821 1105 996 1153 quinque
1025 1104 1134 1141 milia
1161 1117 1366 1154 passuum.
1414 1105 1566 1143 Verum
1598 1108 1736 1155 Aegy-

337 1176 431 1221 ptus
460 1170 680 1207 introrsum
700 1169 748 1206 ad
770 1168 976 1207 meridiem
1006 1167 1147 1217 tendit,
1179 1168 1307 1206 donec
1326 1182 1347 1205 a
1368 1173 1481 1217 tergo
1500 1169 1736 1219 Aethyopes

339 1234 614 1272 obversentur.
673 1232 796 1270 Cuius
831 1231 1061 1270 inferiorem
1097 1232 1220 1269 situm
1248 1231 1366 1270 Nilus
1401 1232 1541 1271 dextra
1569 1234 1738 1282 levaque

338 1297 494 1335 divisus
525 1296 813 1347 complectitur,
844 1301 888 1334 ut
906 1297 1140 1346 Aegyptum
1159 1295 1243 1333 Nili
1271 1295 1403 1346 possis
1431 1297 1604 1335 insulam
1631 1298 1738 1336 voci-

338 1369 435 1399 tare.
492 1361 595 1399 Nam
630 1361 783 1398 ambitu
818 1359 1134 1398 circumfluentis
1170 1359 1302 1398 amnis
1343 1361 1464 1398 etiam
1496 1361 1641 1400 Deltae
1677 1361 1738 1400 lit-

338 1431 449 1464 terae
487 1425 657 1475 figuram
700 1424 877 1463 creditur
912 1423 1104 1462 detinere.
1162 1423 1325 1462 Summa
1362 1431 1495 1463 autem
1531 1426 1617 1464 eius
1646 1439 1740 1476 pars

339 1490 585 1529 contermina
605 1489 858 1540 Aethyopiae
877 1489 1023 1527 multas
1045 1488 1282 1539 oppidorum
1311 1489 1585 1539 praefecturas
1605 1490 1736 1540 habet,

341 1568 440 1604 quas
480 1567 618 1593 nemos
656 1558 822 1603 vocant,
867 1554 972 1592 inter
1007 1566 1106 1602 quas
1140 1553 1396 1592 Menelaitem
1437 1554 1683 1593 Alexandria
1719 1568 1739 1594 e

339 1620 504 1668 regione
533 1620 630 1657 item
658 1619 813 1669 Lybiae
841 1618 1053 1657 Mareotin.
1109 1617 1418 1668 Heracleopolin
1447 1625 1580 1657 autem
1608 1619 1739 1658 insula

339 1684 423 1723 Nili
461 1688 541 1733 est,
585 1684 627 1722 in
665 1697 742 1732 qua
778 1683 926 1733 oppida
953 1683 1144 1721 Herculis
1183 1682 1389 1720 Arsinoita
1426 1688 1465 1721 et
1493 1684 1739 1734 Memphyta‚

341 1762 443 1797 quae
477 1748 527 1786 ad
557 1761 755 1787 summum
784 1747 906 1786 Delta
942 1747 1194 1798 perveniunt.
1250 1747 1367 1785 Nilus
1405 1752 1537 1786 autem
1566 1748 1653 1798 ipse
1682 1749 1740 1786 in-

449 1908 467 1943 1
499 1906 599 1943 nulli
628 1919 671 1944 se
702 1905 779 1944 Sol.
812 1906 885 1957 (H)
939 1905 1133 1955 Blemyas
1162 1904 1239 1943 Sol.
1270 1905 1452 1956 (blemias
1481 1905 1583 1956 HG)
1639 1906 1663 1943 3
1692 1905 1741 1945 de

341 1971 445 2009 hom.
475 1983 513 2010 n.
544 1970 653 2008 aliud
681 1969 759 2008 Sol.
816 1974 840 2008 4
868 1970 1100 2019 Aegipanes
1129 1968 1206 2007 Sol.
1263 1971 1286 2006 ὖ
1314 1969 1636 2019 Himantopodes
1665 1969 1741 2008 Sol.

343 2034 692 2086 (Hymantopedes
711 2034 768 2085 H)
826 2034 849 2071 G
870 2047 902 2072 c.
933 2034 1152 2081 destinunt,
1183 2045 1280 2071 corr.
1312 2039 1381 2070 ant
1428 2035 1449 2071 7
1471 2032 1643 2071 Pharusi
1663 2032 1740 2071 Sol.

340 2101 367 2138 8
386 2099 451 2137 hic
479 2098 606 2137 resed.
638 2097 715 2138 Sol,
775 2100 823 2134 10
843 2098 988 2136 dehinc
1015 2098 1092 2136 hoc
1111 2097 1231 2137 Mart.
1289 2110 1321 2135 0.
1354 2096 1490 2149 [asiae]
1545 2099 1587 2134 11
1611 2097 1742 2135 sexies

344 2163 463 2202 Mart.
612 2176 644 2202 0.
676 2162 865 2213 centenas
1006 2175 1037 2200 0.
1069 2163 1325 2213 septuaginta
1354 2161 1530 2210 quinque
1559 2161 1666 2199 milia
1695 2174 1744 2200 ω·

343 2241 442 2278 sequ.
473 2240 626 2266 nurnero
657 2229 816 2277 eoeleibet,
844 2240 940 2266 corr.
971 2226 1138 2276 triginta
1167 2233 1255 2266 octo
1352 2227 1399 2262 12
1430 2238 1461 2263 0.
1492 2226 1563 2263 1103
1593 2225 1618 2263 11
1648 2238 1742 2264 eras.

342 2291 516 2331 Maeotis
544 2291 664 2330 Mart.
696 2291 810 2342 (BR)
870 2293 917 2330 16
947 2305 979 2329 0.
1009 2291 1174 2341 diuisas,
1205 2304 1301 2329 corr.
1331 2303 1379 2328 us
1437 2289 1483 2326 17
1513 2289 1562 2327 ab
1592 2289 1745 2327 ambitu

345 2356 466 2395 Mart.
554 2355 675 2394 Delta
704 2355 823 2395 ssIar·l.
924 2357 975 2395 20
1002 2369 1142 2395 nomos
1172 2355 1291 2393 Mart.
1392 2367 1423 2392 c.
1454 2353 1620 2402 menela,
1650 2353 1746 2392 item

423 2420 693 2459 Alexandriae
735 2421 939 2470 regionem
982 2420 1100 2459 Mart.
1183 2421 1230 2458 21
1275 2417 1579 2469 Heracleopolis
1623 2417 1743 2457 Mart.

347 2486 397 2522 22
426 2485 646 2536 Memphita
676 2484 795 2523 Mart.

448 2645 455 2669 1
486 2644 544 2686 v1,
571 2644 743 2679 675-75.
