1916 3254
253 987 297 1021 10

250 1304 295 1337 15

250 1658 296 1692 20

251 1979 297 2013 25

911 296 1144 332 „6—

323 405 424 443 ciam
453 404 555 441 bello
584 416 804 452 aggressus
833 410 906 441 est.
944 404 1058 442 Haec
1084 404 1216 441 tendit
1243 406 1293 443 ab
1323 411 1413 444 ortu
1441 419 1571 455 usque
1590 407 1724 457 Indos,

322 469 372 506 ab
409 481 555 506 occasu
591 467 758 505 rubrum
794 480 903 505 mare
937 467 1076 517 habet,
1120 468 1170 505 ab
1205 469 1394 517 aquilone
1427 483 1522 509 vero
1550 471 1727 509 Mediam

322 532 466 580 tangit,
487 532 535 569 ab
557 538 694 569 austro
716 530 981 580 Carmaniam,
1011 545 1112 580 quae
1131 532 1292 571 Persidi
1310 533 1549 572 adnectitur.
1584 536 1728 573 Arabi-

324 608 394 634 cus
429 596 477 633 ab
506 595 670 644 Arabia,
694 595 706 621 1
744 609 846 644 quae
874 595 931 633 ita
959 601 1022 633 est
1049 596 1268 646 appellata,
1307 610 1352 635 eo
1383 597 1490 645 quod
1519 599 1573 637 sit
1600 612 1726 638 sacra.

321 660 411 698 Hoc
438 659 543 697 enim
572 658 801 708 significare
828 660 1119 709 interpretatur
1138 672 1184 697 eo
1205 660 1312 708 quod
1333 661 1387 698 sit
1404 661 1517 710 regio
1545 662 1725 712 turifera,

322 723 466 761 odores
494 736 653 769 creans;
683 722 778 761 hinc
805 736 892 761 eam
922 723 1042 762 Greci
1070 724 1292 773 Eodemon,
1321 724 1452 762 nostri
1479 725 1638 763 beatam
1657 739 1725 764 no-

321 789 587 826 minaverunt.
625 787 675 824 In
704 788 818 826 cuius
847 788 1019 826 saltibus
1049 793 1089 826 et
1116 788 1282 838 myrrha
1309 793 1350 826 et
1379 789 1608 827 cinnamum
1634 803 1724 840 pro-

321 853 443 891 venit.
482 852 595 890 Haec
623 856 758 890 autem
785 857 958 900 angusto
987 856 1121 890 terrae
1140 857 1272 890 tractu
1297 852 1348 890 ad
1369 851 1564 891 orientem
1583 867 1726 893 versus

321 917 371 955 ad
392 917 602 955 Persicum
621 915 753 954 sinum
779 916 1023 966 extenditur,
1053 916 1168 954 cuius
1197 917 1530 966 septentrionalia
1549 916 1727 969 Chaldea

324 980 487 1030 claudit,
518 993 704 1019 occasum
734 981 847 1018 sinus
875 980 1089 1019 Arabicus.
1128 980 1240 1018 Eous
1269 980 1318 1018 ab
1338 981 1437 1030 Eoo,
1467 982 1589 1019 nam2
1616 981 1727 1020 Eoos

325 1058 444 1095 grece
473 1044 620 1082 dicitur
648 1044 803 1094 primus
839 1044 1031 1094 splendor
1059 1044 1176 1094 aeris,
1217 1058 1335 1093 quem
1370 1058 1444 1083 nos
1480 1059 1552 1095 per
1581 1045 1727 1084 diriva-

321 1110 473 1148 tionem
500 1123 685 1147 auroram
713 1122 904 1147 vocamus
935 1108 1050 1157 quasi
1079 1122 1271 1147 eororam.
1311 1109 1473 1148 Sericus
1503 1110 1551 1147 ab
1580 1110 1638 1147 eis
1658 1110 1726 1158 qui

323 1173 468 1212 Seres-³
497 1174 751 1224 appellantur
771 1174 839 1222 qui
859 1173 1015 1212 scilicet
1033 1186 1179 1212 nomen
1199 1187 1222 1211 a
1240 1174 1402 1224 proprio
1423 1174 1572 1224 oppido
1593 1173 1727 1211 sortiti

322 1246 429 1276 sunt.
483 1239 561 1276 Est
589 1237 697 1276 enim
723 1251 824 1287 gens
853 1237 905 1275 ad
933 1237 1129 1276 orientem
1156 1237 1245 1287 sita,
1276 1237 1383 1288 apud
1413 1251 1513 1286 quos
1543 1238 1593 1275 de
1612 1238 1726 1276 arbo·

322 1302 435 1340 ribus
464 1302 557 1339 lana
585 1301 825 1340 contexitur.
882 1301 945 1339 De
975 1301 1122 1350 quibus
1152 1306 1214 1339 est
1241 1301 1361 1339 fflud:

600 1382 738 1432 Ignoti
768 1382 870 1421 facie
898 1382 969 1420 sed
999 1382 1086 1420 noti
1114 1382 1264 1421 vellere
1293 1382 1425 1420 Seres.

324 1465 439 1503 Unde
461 1465 640 1503 Solinus:
661 1465 675 1491 ⁴‘
706 1463 825 1502 Seres
853 1464 931 1515 ipsi
961 1464 1123 1512 quidem
1151 1464 1270 1503 mites
1300 1469 1340 1502 et
1363 1463 1469 1502 inter
1497 1477 1540 1502 se
1561 1463 1726 1513 quietis-

321 1529 423 1577 simi,
454 1530 553 1567 alias
573 1542 668 1567 vero
689 1529 937 1577 reliquorum
955 1528 1186 1566 mortalium
1213 1533 1350 1567 coetus
1376 1527 1597 1578 refugiunt,
1625 1527 1725 1566 adeo

321 1599 365 1632 ut
395 1602 644 1632 caeterarum
672 1593 854 1642 gentium
883 1592 1122 1631 commercia
1149 1594 1339 1631 abnuant.
1378 1593 1559 1630 Primum
1589 1606 1726 1631 eorum

320 1658 488 1696 fluvium
516 1663 761 1697 mercatores
790 1658 866 1708 ipsi
897 1662 1112 1696 transeunt
1139 1658 1182 1695 in
1210 1657 1324 1696 cuius
1352 1657 1453 1708 ripis
1481 1657 1591 1695 nullo
1620 1657 1726 1695 inter

321 1728 457 1773 partes
485 1722 648 1771 linguae
677 1721 928 1771 commercio,
959 1722 1031 1760 sed
1061 1722 1245 1772 deposita
1272 1735 1407 1760 rerum
1427 1721 1580 1773 praetia
1600 1721 1726 1759 oculis

322 1787 604 1825 estimantibus
634 1800 708 1825 sua
735 1786 914 1835 tradunt,
945 1792 1085 1824 nostra
1113 1799 1194 1824 non
1223 1792 1371 1824 emunt.
1428 1786 1647 1836 Hyrcanus
1676 1785 1725 1823 ab

323 1851 543 1901 Hyrcania,
557 1851 571 1878 5
594 1864 697 1899 quae
716 1850 773 1888 ita
793 1850 1017 1901 appellatur
1037 1863 1060 1888 a
1081 1850 1184 1888 silva
1203 1851 1407 1901 Hyrcana,
1430 1864 1532 1899 quae
1549 1849 1725 1888 Scithiae

325 1916 518 1963 subiacet,
548 1915 702 1954 habens
731 1916 780 1953 ab
811 1915 964 1953 oriente
992 1928 1101 1953 mare
1123 1914 1325 1965 Caspium,
1356 1929 1378 1952 a
1398 1915 1566 1953 meridie
1585 1916 1725 1953 Arme-

322 1979 446 2028 niam,
491 1993 514 2017 a
543 1979 818 2029 septentrione
846 1979 1080 2027 Albaniam,
1124 1979 1173 2016 ab
1204 1992 1350 2017 occasu
1377 1979 1620 2029 Hyberiam;
1664 1984 1726 2016 est

323 2052 457 2082 autem
495 2044 609 2082 silvis
651 2057 811 2093 aspera,
851 2043 1014 2094 copiosa
1054 2043 1296 2081 immanibus
1336 2042 1446 2082 feris.
1503 2043 1675 2093 Caspius
1705 2058 1725 2082 a

321 2110 449 2161 portis
486 2108 663 2159 Caspiis,
707 2108 813 2146 unde
849 2107 1064 2145 Solinusz‘v'
1105 2114 1244 2158 portae
1283 2107 1452 2158 Caspiae
1494 2108 1728 2158 panduntur

432 2252 449 2286 1
473 2263 504 2288 c.
536 2221 623 2287 orto
644 2248 692 2287 M
725 2249 777 2287 ad
797 2248 918 2287 Indos
945 2249 1034 2287 Isicl.
1101 2250 1124 2286 9
1147 2262 1177 2287 c.
1201 2213 1336 2287 cfaldea
1358 2248 1405 2287 M
1460 2249 1506 2286 17
1537 2248 1726 2301 [solinus:

324 2327 426 2402 gres]
450 2348 502 2387 M
549 2350 598 2386 21
621 2348 897 2399 depositarum
917 2348 994 2387 Sol.
1020 2348 1093 2398 (H)
1150 2348 1201 2385 24
1221 2361 1252 2386 e.
1275 2348 1425 2386 habent
1454 2362 1551 2387 corr.
1573 2348 1726 2387 habens

326 2415 376 2451 27
407 2428 438 2452 c.
470 2412 655 2466 s[olinus]

421 2538 432 2564 1
459 2536 587 2571 Arabia
606 2557 648 2561 —
668 2536 833 2569 Arabicus
859 2546 903 2568 ex
928 2535 1012 2569 Isid.
1037 2535 1133 2578 XIV,
1158 2536 1191 2578 3,v
1220 2537 1274 2568 15.
1330 2536 1344 2561 '2
1372 2547 1450 2567 num
1478 2535 1563 2568 Eoos
1582 2555 1623 2559 —
1643 2547 1728 2568 eoro-

324 2607 398 2629 ram
425 2606 470 2629 ex
496 2595 581 2629 leid.
610 2596 658 2629 ib.
689 2595 731 2637 V,
757 2594 816 2638 31,
843 2594 898 2629 14.
947 2594 962 2619 3
987 2592 1083 2626 Seres
1101 2613 1142 2618 -—
1161 2593 1272 2626 vellere
1298 2592 1394 2626 Seres
1419 2604 1464 2626 ex
1492 2593 1574 2627 lsid.
1596 2594 1645 2627 ib.
1668 2594 1729 2637 IX,

323 2655 358 2699 2,
391 2656 454 2696 4ος
494 2654 590 2688 unde
624 2664 770 2687 versum
811 2653 971 2686 hauserit
1012 2651 1170 2685 Isidorus
1209 2662 1280 2685 non
1318 2653 1452 2686 inveni.
1503 2651 1517 2677 ⁴
1554 2652 1592 2691 L,
1625 2652 1728 2687 3-4.

325 2715 340 2741 5
368 2713 538 2756 Hyrcania
558 2713 701 2754 —-feris
728 2723 770 2745 ex
799 2711 883 2745 Isid.
912 2712 960 2746 ib.
988 2711 1083 2754 XIV,
1111 2711 1143 2752 3.Ἰ
1171 2713 1225 2746 33.
1277 2712 1292 2734 ‘3
1319 2710 1459 2753 XLVII,
1487 2711 1587 2744 1—2.
