1916 3254
300 970 344 1003 <10

299 1291 343 1323 15

298 1611 318 1643 2
323 1614 345 1644 O

298 1933 319 1966 w

323 1934 342 1965 (ἶῖ

939 275 1193 310 ,28-

368 385 591 423 incolarum
633 390 820 422 auctores
857 384 1024 434 habeat,
1063 384 1164 423 satis
1202 384 1356 422 celebre
1395 387 1465 420 est.
1521 382 1633 420 Nihil
1668 395 1763 431 ergo

367 449 512 487 attinet
532 449 677 496 dicere,
710 447 782 500 [ut]
806 448 957 486 Sardus
976 449 1162 498 Hercule,
1186 448 1322 486 Norax
1343 447 1542 485 Mercurio
1562 445 1762 497 procreati

368 526 456 552 cum
491 513 593 550 alter
628 526 651 550 a
685 513 834 564 Lybia,
876 513 977 551 alter
1010 513 1060 551 ab
1095 525 1224 561 usque
1252 511 1442 550 Tertesso
1471 510 1693 561 Hispaniae
1723 511 1763 548 in

367 577 488 615 hosce
521 575 624 614 fines
658 576 989 627 permeavissent,
1019 590 1042 615 a
1071 576 1198 615 Sardo
1232 580 1381 625 terrae,
1423 588 1445 612 a
1472 574 1628 612 Norace
1657 574 1766 612 Nore

368 640 515 691 oppido
556 654 701 679 nomen
744 641 892 680 datum.
948 641 1071 690 qulur
1100 639 1285 678 Sardinia
1320 643 1382 677 est
1417 638 1577 687 quidem
1613 638 1766 686 absque

369 705 635 756 serpentibus,
666 710 706 744 et
735 706 842 754 quod
871 705 961 744 aliis
989 706 1089 744 locis
1118 717 1286 754 serpens
1314 703 1391 741 hoc
1421 702 1596 751 solifuga
1625 701 1766 739 Sardis

367 770 489 819 agris,
519 769 667 807 animal
694 769 956 820 perexiguum
985 783 1098 820 quam
1119 769 1254 807 aranei
1277 768 1418 814 forma,
1451 766 1625 815 solifuga
1645 766 1765 814 dicta,

371 834 478 881 quod
507 833 613 871 diem
640 833 784 883 fugiat.

473 898 523 936 In
557 899 729 937 metallis
767 898 1007 948 argentariis
1041 898 1213 950 plurima
1248 902 1326 947 est,
1369 910 1462 934 nam
1496 895 1625 934 solum
1666 894 1766 932 illud

370 962 528 1011 argenti
576 962 691 1001 dives
734 971 815 1001 est:
867 963 1054 1001 occultim
1095 967 1228 1012 reptat
1277 967 1317 1000 et
1358 974 1429 1011 per
1470 959 1768 1010 inprudentiam

369 1027 729 1076 supersedentibus
769 1032 924 1077 pestem
960 1027 1066 1065 facit.
1124 1027 1218 1065 huic
1252 1025 1502 1064 incommodo
1540 1023 1696 1062 accedit
1730 1027 1770 1061 et

369 1092 492 1129 herba
526 1091 743 1141 Sardonia,
788 1105 889 1140 quae
923 1091 964 1128 in
994 1090 1182 1129 defiuviis
1216 1090 1419 1129 fontaneis
1447 1088 1634 1140 provenit
1660 1087 1768 1125 iusto

369 1156 538 1205 largius;
569 1169 615 1193 ea
635 1155 669 1193 si
694 1155 826 1193 edulio
854 1155 977 1193 fuerit
1005 1155 1291 1203 nescientibus,
1320 1166 1468 1192 nervos
1497 1151 1680 1200 contrait,
1703 1151 1769 1189 de-

370 1220 480 1258 ducit
508 1219 612 1257 rictu
640 1220 740 1258 hora
763 1220 772 1245 l
827 1224 872 1256 ut
901 1219 968 1267 qui
998 1224 1168 1257 mortem
1196 1223 1405 1268 oppetunt,
1435 1217 1637 1255 intereant
1664 1215 1768 1254 facie

368 1283 598 1321 ridentium.
655 1282 806 1321 Contra
841 1282 1032 1331 quicquid
1066 1295 1259 1331 aquarum
1287 1285 1367 1329 est,
1410 1281 1522 1318 varie
1551 1279 1770 1318 commodis

370 1347 512 1397 servit;
543 1352 688 1396 stagna
715 1347 1076 1397 pisculentissima;
1106 1347 1296 1384 hibernae
1324 1345 1485 1395 pluviae
1504 1344 1546 1381 in
1575 1343 1771 1382 aestivam

369 1413 605 1463 poenuriam
638 1416 915 1459 reservantur3
958 1424 1050 1448 nam
1084 1411 1202 1448 homo
1233 1409 1385 1448 Sardus
1415 1422 1530 1459 opem
1558 1408 1770 1459 plurimam

371 1476 420 1514 de
439 1477 611 1514 imbrido
641 1477 749 1514 caelo
778 1476 917 1514 habet:
947 1476 1023 1513 hoc
1052 1476 1352 1514 conlectaneum
1381 1474 1605 1525 departitur
1624 1478 1669 1510 ut
1689 1472 1771 1511 suf-

369 1540 479 1579 ficiat
520 1541 633 1590 usui,
677 1540 747 1578 ubi
790 1539 1011 1578 defecerint
1055 1539 1359 1588 scaturrigines.
1402 1538 1535 1576 fontes
1574 1537 1692 1576 calidi
1734 1542 1773 1575 et

371 1605 555 1643 salubres
594 1604 684 1643 aliis
720 1605 820 1643 locis
863 1603 1136 1643 effervescunt
1178 1609 1217 1642 et
1253 1603 1445 1642 medellas
1486 1602 1663 1641 afferunt
1705 1608 1773 1639 aut

370 1669 546 1709 solidant
575 1682 667 1708 ossa
694 1668 824 1707 fracta
852 1673 922 1707 aut
956 1669 1118 1707 abolent
1146 1682 1169 1705 a
1204 1667 1390 1717 solifugis
1424 1668 1620 1706 insertum
1654 1678 1771 1704 vene-

369 1747 481 1783 num,
525 1739 595 1771 aut
629 1734 749 1771 etiarn
786 1733 984 1772 ocularias
1014 1733 1216 1783 dissipant
1250 1731 1538 1781 aegritudines.
1595 1730 1675 1769 Sed
1705 1729 1773 1778 qui

370 1798 495 1837 oculis
534 1798 747 1836 medentur
782 1802 822 1836 et
851 1797 1118 1847 coarguendis
1156 1798 1294 1836 valent
1327 1795 1500 1835 furibus:
1543 1808 1635 1833 nam
1665 1793 1772 1843 quis-

371 1862 460 1911 quis
490 1867 741 1901 sacramento
770 1867 931 1913 raptum
961 1867 1103 1911 negat,
1141 1861 1294 1900 lumina
1322 1862 1438 1910 aquis
1467 1864 1674 1908 attrectat;
1704 1858 1774 1897 ubi

369 1926 587 1977 periurium
622 1939 701 1964 non
740 1932 803 1965 est·
839 1926 967 1966 cernit
995 1926 1159 1976 clarius,
1205 1927 1239 1964 si
1276 1925 1446 1975 perfidia
1487 1925 1628 1963 abnuit
1663 1923 1771 1961 dete-

370 1992 477 2040 gitur
504 1990 662 2029 facinus
692 1990 884 2029 caecitate
913 1995 953 2028 et
981 1994 1124 2040 captus
1154 1989 1280 2027 oculis
1309 1991 1511 2027 adinissum
1541 1988 1703 2025 fatetur.

475 2163 498 2199 2
527 2170 565 2200 u!
605 2163 698 2199 deest
729 2175 761 2199 c.
876 2162 900 2197 3
930 2160 1120 2198 Tartesso
1155 2159 1232 2199 Sol.
1342 2161 1365 2196 5
1395 2158 1519 2207 igitur
1554 2158 1649 2195 deest
1689 2156 1768 2194 Sol.

367 2227 390 2264 G
420 2226 491 2265 sed
521 2225 627 2274 quod
648 2224 724 2263 Sol.
780 2226 891 2264 verba
912 2225 1042 2263 sardis
1063 2225 1172 2273 agris
1192 2224 1335 2262 animal
1367 2223 1630 2274 perexiguum
1651 2234 1770 2270 quam

369 2292 483 2341 (deest
506 2289 583 2328 Sol.
605 2304 683 2328 esec.
715 2289 944 2339 LGHSA)
980 2290 1115 2327 aranei
1145 2289 1274 2327 forma
1314 2287 1490 2336 solifuga
1523 2288 1617 2336 siyn.
1656 2287 1768 2324 inler-

367 2357 482 2394 calar.
514 2357 552 2393 in
582 2367 698 2405 mary.
730 2355 910 2403 inferiore
936 2355 1062 2402 posim
1146 2354 1192 2390 13
1223 2352 1424 2391 contrahit
1452 2351 1528 2389 Sol.
1614 2349 1769 2388 diducit

368 2419 446 2460 Sol.
477 2419 517 2469 (h
531 2418 574 2469 S)
651 2420 699 2457 16
729 2418 960 2468 depascitur
989 2417 1064 2456 Sol.
1095 2417 1248 2468 (Bern.)
1305 2418 1356 2455 ‘20
1384 2416 1536 2465 aliquot
1564 2415 1663 2454 locis
1693 2414 1770 2452 Sol.

369 2483 437 2532 qui
465 2482 641 2522 medelas
670 2481 748 2520 Sol.

468 2689 474 2713 ¹
503 2690 524 2722 i.
552 2700 579 2721 e.
608 2699 681 2722 ora,
