1916 3254
297 995 341 1027 10

299 1312 342 1344 15

938 306 1200 342 *44-

374 429 451 465 que
481 416 641 453 deserta
671 419 766 453 sunt
800 419 870 452 aut
907 414 1152 453 infestantur
1186 415 1310 453 multo
1341 428 1387 454 ac
1415 415 1593 454 malefico
1622 428 1768 465 genere

365 478 606 528 animalium,
637 483 755 516 vasta
783 482 845 517 est
872 479 1002 527 magis
1031 492 1151 528 quam
1178 479 1381 528 frequens.
1437 479 1551 517 Mare
1579 492 1656 527 quo
1686 479 1768 517 oin-

365 544 474 592 gitur
509 556 531 580 a
566 544 840 593 septentrione
877 542 1081 592 Libieum,
1126 557 1148 581 a
1190 543 1356 582 meridie
1397 543 1676 593 Ethiopieum,
1718 544 1767 580 ab

366 607 572 646 oocidente
606 607 911 656 Adlanthyeum
953 606 1134 645 dicimus.
1193 608 1237 645 In
1274 620 1320 645 ea
1361 611 1476 656 parte
1518 620 1619 655 quae
1652 606 1769 644 Libia

366 672 521 709 adiacet
549 671 730 721 proxima
758 671 959 721 provintia
993 684 1112 719 quam
1143 670 1309 708 Cirenas
1338 674 1495 708 vocant.
1552 669 1673 718 Dein,
1704 669 1768 707 oui

366 735 490 772 totius
505 735 682 783 regionis
697 734 890 772 vocabulo
907 747 1126 783 cognomen
1148 734 1321 771 inditum
1342 738 1413 783 est⁷
1432 733 1582 771 Africa.
1601 732 1770 771 Caetera

366 799 564 837 Numidae
593 804 633 837 et
660 799 793 836 Mauri
821 803 971 838 tenent.
1028 800 1085 836 At
1121 812 1242 849 super
1277 812 1323 837 ea
1358 811 1458 846 quae
1487 797 1641 847 Lybico
1670 797 1769 835 mari

367 863 588 913 alluuntur,
625 863 777 913 Lybies
804 863 983 913 Aegypti
1013 868 1108 901 sunt
1138 869 1177 900 et
1205 862 1550 912 Leucoaethiopes
1587 866 1626 899 et
1660 861 1770 899 natio

366 927 557 975 frequens
586 926 875 977 multiplexque
904 926 1051 965 Getuli.
1099 926 1257 964 Deinde
1285 927 1365 964 late
1395 931 1512 964 vacat
1540 925 1652 974 regio
1680 937 1769 975 per-

366 996 487 1042 petuo
528 995 661 1029 tractu
703 991 991 1029 inhabitabilis.
1049 991 1151 1028 Tum
1185 991 1337 1040 primos
1373 990 1421 1028 ab
1461 991 1612 1028 oriente
1648 989 1770 1027 Gara-

366 1060 522 1093 mantes
557 1059 650 1105 post
677 1055 847 1103 Augilas
877 1059 916 1092 et
955 1055 1192 1093 Trocotidas
1229 1060 1269 1092 et
1296 1055 1458 1092 ultimos
1495 1053 1546 1091 ad
1584 1065 1771 1091 oceasum

366 1118 566 1156 Adlantas
604 1119 800 1157 audimus.
858 1119 969 1157 Intra
997 1119 1032 1157 si
1069 1119 1231 1157 credere
1260 1119 1358 1156 libet
1385 1119 1453 1156 vix
1482 1119 1558 1155 iam
1589 1117 1772 1154 homines

367 1183 576 1232 magisque
614 1182 789 1220 semiferi
823 1184 1068 1233 Aegypanes
1098 1187 1138 1221 et
1165 1182 1385 1220 Blemmies
1415 1188 1455 1219 et
1492 1182 1770 1231 Iampasantes

369 1252 409 1285 et
438 1247 574 1296 Satyri
603 1247 690 1284 sine
718 1247 837 1284 tectis
866 1259 911 1284 ao
946 1247 1111 1284 sedibus
1146 1246 1298 1296 passim
1334 1246 1428 1294 vagi
1457 1245 1608 1283 habent
1635 1245 1771 1294 potius

369 1324 487 1359 quani
517 1310 701 1348 habitant
729 1316 873 1348 terras.
929 1311 1042 1348 Haeo
1079 1323 1233 1347 summa
1268 1309 1397 1347 nostri
1432 1308 1552 1358 orbis,
1589 1308 1663 1346 hae
1691 1321 1770 1345 ma-

368 1375 473 1419 ximo
502 1378 648 1424 partes,
678 1374 753 1411 hae
782 1373 935 1411 formae
963 1378 1187 1422 gentesque
1216 1373 1402 1423 partium.

660 1580 722 1634 [2]
755 1580 968 1634 Repetitio
1000 1579 1186 1633 partium
1216 1591 1241 1620 a
1273 1579 1492 1633 principio.

475 1742 550 1780 Sed
580 1749 616 1780 ul
646 1743 735 1780 haec
765 1743 846 1792 ipsa
875 1743 987 1779 latias
1011 1748 1171 1792 pateant
1200 1743 1370 1779 eraclius
1409 1742 1566 1779 (licenda
1603 1748 1688 1778 sunt
1719 1742 1773 1778 ita

371 1813 406 1843 u!
436 1819 503 1856 per
531 1807 696 1855 sinqulas
726 1807 858 1844 mundi
884 1813 1029 1856 parteS,
1059 1804 1252 1856 Europam
1287 1806 1464 1854 videlice!7
1500 1805 1633 1842 Asiam
1661 1812 1771 1855 alque

371 1871 545 1921 Africam
574 1872 694 1920 fando
724 1878 849 1909 euntes
879 1872 969 1921 quid
997 1872 1215 1909 humanitas
1244 1871 1398 1908 senserit
1422 1882 1651 1920 quamquam
1679 1871 1776 1908 bret-i

371 1943 495 1972 lamen
537 1943 668 1985 aperto
706 1936 923 1985 pandamus
967 1936 1127 1973 tramite.
1186 1934 1231 1973 Et
1281 1936 1461 1985 quoniam.
1509 1935 1553 1971 ah
1602 1934 1776 1972 orientali

371 2001 546 2049 quidam,
584 2000 735 2049 quidam
769 2012 852 2037 cero
882 2012 1030 2049 coepere
1060 2013 1083 2036 α
1110 2001 1223 2049 playa
1251 2000 1490 2042 occidentali,
1523 2010 1590 2036 nos
1618 2000 1706 2047 quia
1737 2000 1772 2035 in

371 2065 440 2101 leae
479 2076 597 2113 paene
640 2076 939 2106 conmmmmur,
982 2064 1027 2100 al)
1071 2077 1114 2101 ea
1157 2064 1409 2101 inchoandum
1453 2064 1634 2100 ‹lm-inens
1678 2076 1774 2099 eom-

371 2128 533 2165 modum.

475 2290 498 2324 3
528 2285 726 2334 Libycum
757 2284 842 2323 Mel.
881 2284 992 2334 (BG)
1075 2285 1100 2321 4
1130 2297 1230 2332 quae
1261 2284 1413 2334 Libyco
1455 2284 1541 2324 Jlel.
1628 2288 1648 2320 ι’)
1678 2282 1772 2321 Nilo

368 2350 577 2400 provincia
612 2349 699 2388 Mel.
811 2348 990 2398 Cyrenas
1030 2348 1117 2387 Mel.
1157 2349 1270 2400 (BG)
1381 2349 1402 2385 7
1434 2361 1465 2387 c.
1496 2348 1564 2397 ad,
1604 2361 1701 2388 corr.
1730 2354 1773 2386 at

369 2450 394 2486 8
423 2462 455 2488 e.
486 2414 704 2487 a¹b1uuntur
734 2449 757 2486 b
787 2450 825 2486 ἰιι
854 2448 864 2485 l
902 2461 999 2486 corr.
1030 2447 1083 2498 M,
1115 2448 1334 2486 adluuntur
1367 2448 1452 2486 Jlel.
1491 2446 1686 2499 (abluunt.
1717 2448 1772 2497 A)

371 2514 394 2547 9
424 2513 583 2551 Gaetuli
614 2512 702 2551 Mel.
726 2513 794 2563 (A)
869 2514 916 2551 10
945 2526 975 2550 c.
1008 2511 1365 2551 inhabitabitabilis
1398 2513 1480 2550 bita
1509 2524 1604 2550 eras.
1649 2510 1773 2549 Gara·

371 2582 528 2615 mantas
563 2576 649 2616 Mel.
691 2576 765 2628 (K)
850 2577 893 2613 11
926 2575 1183 2626 Trogodytas
1220 2576 1307 2615 Mel.
1394 2577 1441 2613 13
1470 2575 1704 2625 Aegipanes
1734 2582 1774 2613 et>

374 2641 557 2692 Blemyes
587 2646 626 2680 et
655 2641 978 2691 Gamphasantes
1009 2640 1094 2678 Mel.
1182 2642 1229 2678 14
1259 2641 1392 2692 potius
1430 2645 1558 2679 terras
1588 2653 1707 2688 quam
1735 2640 1772 2678 h.

372 2706 458 2743 Mel.
519 2706 566 2742 16
596 2718 628 2744 c.
657 2705 796 2754 forma,
827 2718 924 2743 corr.
955 2705 1106 2743 formae
