1916 3254
288 912 334 944 10

290 1235 335 1267 15

289 1555 335 1589 20

291 1875 335 1909 25

931 226 1192 261 ..22-

358 340 534 386 praestat
578 335 735 371 laudata
776 335 962 382 aegregio
998 334 1073 371 soli
1108 340 1440 385 temperamento,
1486 338 1594 386 quod
1623 351 1752 387 neque

358 398 521 436 humido
542 397 582 434 in
602 398 694 435 limo
723 396 921 447 madefiat,
942 410 1071 446 neque
1090 397 1253 436 fatiscat
1272 398 1313 435 in
1332 399 1542 449 pulverem
1562 401 1756 440 siccitate.

359 461 439 500 Ubi
477 474 522 499 ea
555 461 774 498 introrsum
808 461 962 499 recedit
991 466 1030 499 et
1066 461 1107 498 in
1136 461 1389 500 latitudinem
1424 464 1630 513 panditur,
1673 470 1757 503 tres

360 525 469 562 lacus
499 524 662 572 obtinet,
693 537 863 572 quorum
890 537 1007 574 unus,
1038 525 1144 572 quod
1172 526 1345 575 piscium
1365 527 1552 576 copiosus
1574 533 1647 576 est,
1677 541 1756 566 non

359 588 542 637 equidem
580 587 630 625 ad
665 588 900 626 miraculum
935 588 1128 627 duxerim.
1186 589 1267 627 Sed
1303 591 1411 639 quod
1449 596 1489 628 et
1526 592 1756 641 proximans

359 651 585 690 condensus
614 651 790 690 arbustis
819 651 924 690 inter
952 652 1219 701 virgultorum
1249 666 1392 703 opacas
1420 653 1527 692 feras
1547 655 1700 692 nutriat
1719 662 1759 694 et

358 716 545 753 admissis
579 715 793 754 venatibus
827 729 900 766 per
927 721 1109 754 terrenos
1138 716 1338 766 tramites,
1377 718 1521 767 quibus
1549 719 1760 768 pedestres

358 792 542 817 accessus
560 779 719 830 excipit,
741 780 938 830 duplicem
953 780 1136 831 piscandi
1152 781 1404 831 venandique
1431 783 1595 832 prebeat
1618 783 1758 834 volup·

359 848 496 893 tatem,
540 850 773 882 numeratur
813 844 919 883 inter
960 845 1115 883 eximia.
1172 846 1358 884 Tercium
1395 860 1464 884 ara
1502 860 1660 885 sacrum
1689 848 1757 885 ad-

359 908 512 958 probat,
543 921 644 957 quae
672 909 713 946 in
742 909 871 947 medio
892 909 970 947 sita
1000 910 1137 947 brevia
1165 909 1309 948 dividit
1338 924 1361 947 a
1390 910 1613 960 profundis.
1671 911 1758 957 Qua

359 973 411 1009 ad
439 986 526 1010 eam
553 972 746 1023 pergitur,
782 986 885 1022 aqua
913 987 1073 1012 crurum
1100 979 1218 1012 tenus
1252 975 1451 1024 pervenit.
1510 975 1626 1021 Quod
1654 975 1759 1013 ultra

360 1041 432 1086 est,
461 1049 536 1075 nec
564 1037 762 1087 explorari
790 1037 883 1076 licet
910 1051 984 1076 nec
1013 1038 1178 1088 adtingi,
1208 1045 1247 1077 et
1275 1039 1310 1076 si
1347 1038 1438 1087 fiat,
1478 1039 1513 1077 si
1542 1038 1596 1077 sit
1624 1053 1760 1088 ausus,

360 1102 462 1140 malo
491 1102 682 1152 plectitur
710 1108 978 1152 quantamque
997 1103 1061 1141 sui
1081 1108 1235 1152 partem
1255 1103 1579 1152 ingurgitaverit,
1609 1108 1762 1142 tantam

361 1165 402 1203 in
431 1165 633 1215 perditum
663 1166 785 1203 vadit.

465 1229 619 1268 Ferunt
648 1230 846 1278 quendam
867 1231 907 1267 in
927 1231 1026 1268 haec
1051 1230 1132 1267 alta
1160 1243 1277 1278 quam
1306 1230 1584 1278 longissimam
1603 1236 1761 1280 poterat

361 1295 504 1333 iecisse
540 1294 704 1343 lineam,
742 1307 828 1332 eam
864 1300 909 1331 ut
943 1299 1201 1343 recuperaret
1230 1294 1404 1331 dimerso
1434 1295 1597 1332 brachio
1627 1294 1759 1332 nisum
1828 1319 1835 1326 ι

361 1358 536 1406 adiuvat,
567 1358 738 1396 cadaver
766 1371 927 1395 manum
954 1357 1115 1395 factam.
1154 1357 1385 1395 Peloritana
1414 1371 1483 1395 ora
1501 1358 1761 1396 habitabatur

360 1423 513 1460 colonia
541 1421 823 1470 Tauromenia,
854 1435 973 1470 quam
999 1421 1122 1472 prisci
1151 1421 1309 1459 Naxum
1336 1422 1546 1460 vocabant.
1603 1421 1760 1472 Oppido

359 1486 537 1524 Pachino
566 1486 691 1524 multa
718 1487 978 1535 thymnorum
1006 1487 1114 1525 inest
1142 1485 1256 1536 copia
1284 1499 1330 1524 ac
1357 1491 1570 1537 propterea
1605 1500 1762 1537 semper

361 1557 527 1602 captura
568 1550 691 1600 larga.
748 1550 993 1600 Lylybitano
1036 1551 1264 1600 Lylybeum
1306 1550 1498 1600 oppidum
1542 1550 1664 1588 decus
1700 1555 1762 1588 est

362 1616 529 1654 SibiHae
557 1615 783 1665 sepulchro.
833 1614 1016 1654 Sicaniae
1044 1615 1114 1653 diu
1142 1620 1236 1653 ante
1265 1614 1440 1652 Troiana
1469 1614 1571 1652 bella
1592 1613 1761 1652 Sicanus

360 1693 504 1721 nomen
523 1693 594 1718 rex
614 1679 737 1728 dedit,
759 1679 953 1718 advectus
973 1692 1063 1717 cum
1083 1678 1330 1728 amplissima
1346 1678 1604 1728 Hyberorum
1623 1691 1760 1716 manu:

360 1750 452 1796 post
480 1744 642 1782 Siculus
671 1744 852 1793 Neptuni
880 1743 998 1782 filius.
1053 1743 1100 1781 In
1127 1744 1231 1781 hanc
1258 1742 1420 1793 plurimi
1449 1741 1760 1791 Corinthiorum,

363 1810 617 1859 Argivorum,
648 1807 866 1858 Iliensium,
896 1807 1157 1846 Doriensium
1188 1806 1442 1845 Cretensium
1471 1805 1762 1853 confluxerunt,

362 1875 466 1912 inter
493 1886 594 1922 quos
624 1877 664 1911 et
691 1872 881 1922 Dedalus,
910 1872 1024 1910 fabre
1052 1872 1151 1909 artis
1180 1871 1384 1920 magister.

467 1938 629 1975 Eminet
668 1937 873 1975 montibus
914 1937 1077 1974 Aethna
1119 1942 1157 1974 et
1199 1936 1334 1985 Erice;
1378 1935 1560 1973 Vulcano
1602 1934 1762 1972 Aethna

472 2055 491 2091 1
523 2055 639 2092 unico
670 2053 744 2091 soli
772 2052 849 2092 δοῖ.
882 2052 990 2105 (HS)
1072 2054 1096 2090 2
1126 2052 1255 2090 lutum
1283 2050 1472 2089 madefiat
1507 2050 1583 2088 δοῖ.
1664 2051 1688 2086 3
1719 2063 1763 2088 ea

365 2119 433 2158 ubi
463 2119 540 2157 δοῖ.
596 2120 619 2156 5
649 2119 685 2156 ei
713 2117 942 2168 proximans
964 2116 1041 2155 δοῖ.
1063 2116 1173 2166 (HS)
1230 2117 1254 2153 6
1284 2128 1407 2166 opaca
1427 2114 1503 2153 δοῖ.
1563 2114 1585 2151 7
1615 2126 1763 2151 venan-

364 2184 472 2222 tibus
502 2183 579 2221 δοῖ.
610 2183 727 2234 (ΗΑ)
806 2183 854 2220 1Ο
883 2195 914 2222 c.
944 2183 1037 2232 quia
1110 2181 1158 2218 12
1187 2181 1253 2230 qui
1284 2180 1322 2218 id
1352 2192 1475 2217 ausus
1505 2179 1558 2217 sit
1587 2178 1662 2216 Sol.
1695 2178 1764 2228 (sit

365 2261 488 2287 ausus
506 2247 601 2297 HS)
658 2248 705 2285 13
726 2247 875 2297 gurgiti
903 2246 1147 2284 intimaverit
1166 2244 1243 2283 δοῖ.
1266 2243 1379 2293 (HS)
1435 2244 1484 2280 14
1503 2243 1534 2281 it
1561 2241 1762 2292 perditum

366 2313 444 2352 δοῖ.
467 2313 527 2363 (S)
586 2312 633 2349 16
654 2312 748 2349 dum
772 2324 902 2350 merso
923 2310 1001 2349 δοῖ.
1023 2310 1221 2361 (demerso
1242 2308 1335 2358 HS)
1396 2308 1441 2344 17
1463 2307 1667 2345 habitatur
1687 2305 1763 2344 δοῖ.

370 2414 416 2451 19
447 2411 637 2461 Pachyno
667 2411 743 2449 δοῖ.
813 2410 1058 2460 thynnorum
1087 2408 1162 2447 δοῖ.
1232 2421 1262 2446 c.
1293 2380 1429 2458 copiae
1459 2406 1507 2444 M
1576 2407 1628 2443 20
1655 2405 1762 2455 Lily-

367 2477 501 2515 bitano
531 2475 767 2525 Lilybaeum
796 2473 871 2513 Sol.
952 2474 1002 2511 22
1030 2486 1100 2512 rex
1128 2485 1273 2510 nomen
1302 2471 1378 2510 δοῖ.
1409 2470 1465 2523 (Η
1477 2470 1520 2521 S)
1594 2470 1764 2508 Hibero-

367 2589 456 2614 rum
485 2575 560 2614 501.
641 2574 690 2611 25
721 2587 752 2612 0.
782 2546 910 2622 fga-0,
946 2573 1120 2610 fabricae
1155 2572 1232 2610 sot.
1264 2571 1325 2622 (s)
1408 2571 1459 2608 26
1496 2583 1527 2608 ο.
1558 2570 1691 2614 ericae
1722 2569 1766 2607 M

368 2640 501 2690 Eryce
530 2639 605 2677 δοῖ.
