1916 3254
864 260 1179 299 —VIII—

325 376 554 423 spectantes
596 376 636 410 et
676 376 722 409 ut
763 375 848 409 erat
888 384 960 421 par
1001 371 1174 408 eruditio
1210 370 1433 409 iuventutis
1473 372 1515 410 in
1557 377 1730 422 utraque

326 441 449 485 terra,
493 442 655 485 optumo
690 434 776 472 iure
819 447 1060 482 quamquam
1102 433 1260 472 codices
1303 435 1486 484 opusculi
1526 437 1655 474 nostri
1683 437 1726 475 in

326 499 417 549 ipsa
446 497 660 537 Germania
694 497 872 535 nondum
899 497 1055 536 inventi
1084 503 1189 547 sunt,
1228 510 1318 535 eum
1345 499 1518 548 primum
1546 499 1726 539 libellum

325 562 451 601 fuisse
492 566 680 612 putamus
722 560 763 598 in
805 560 1052 599 Francorum
1093 574 1218 610 regno
1259 562 1524 612 compositum
1561 577 1610 601 ex
1647 577 1728 612 quo

326 627 444 665 etiam
464 627 505 664 in
527 625 764 664 Germaniae
793 625 943 663 scholis
967 625 1081 675 pueri
1101 629 1141 664 et
1161 625 1441 664 adulescentes
1469 627 1731 665 erudirentur

327 698 365 728 et
402 690 507 728 unde
543 689 711 727 scientia
750 689 1041 727 Germanorum
1074 690 1345 740 geographica
1380 703 1429 728 ex
1462 696 1576 740 parte
1617 691 1726 729 haud

326 754 489 791 minima
530 753 656 792 exiret
698 757 817 802 atque
859 758 1052 791 manaret.
1109 753 1224 799 Quod
1262 754 1298 792 si
1341 753 1438 793 mihi
1478 755 1730 793 concesseris

324 818 501 856 libellum
544 817 709 866 dignum
752 817 911 868 putabis
949 817 1017 866 qui
1045 818 1195 868 publici
1223 817 1323 856 iuris
1358 818 1446 868 fiat,
1503 832 1580 867 quo
1616 819 1726 857 rudi-

325 886 460 920 menta
500 881 769 932 geographiae
810 881 851 919 in
895 882 1045 920 scholis
1087 882 1183 919 trita
1231 886 1537 931 cognoscantur.
1608 882 1726 921 Certe

328 945 564 995 opusculum
591 959 664 996 pro
693 950 873 995 tempore
902 945 1009 983 haud
1037 959 1166 995 pauca
1195 946 1375 984 continet
1394 952 1631 996 argumenta
1651 961 1730 996 qua.

327 1010 376 1048 de
419 1023 538 1048 causa
582 1009 771 1048 effectum
814 1023 903 1048 esse
944 1015 1078 1060 potest
1120 1014 1166 1047 ut
1206 1011 1415 1059 vulgatum
1456 1011 1727 1061 geographiae

327 1073 618 1123 compendium,
647 1073 798 1112 Isidori
827 1073 914 1112 dico
945 1073 1138 1123 origines,
1175 1088 1246 1124 per
1282 1075 1530 1123 aliquantum
1565 1080 1728 1126 tempus

325 1138 366 1175 in
403 1137 650 1176 Francorum
684 1137 820 1187 regnis
855 1138 957 1176 liber
991 1137 1031 1175 in
1070 1151 1186 1176 usum
1217 1139 1445 1177 scholarum
1473 1140 1607 1178 editus
1636 1153 1726 1178 esse

325 1202 537 1241 desineret.

429 1267 515 1304 Iam
560 1266 832 1315 quaerendum
867 1272 929 1304 est
967 1267 1113 1317 quibus
1152 1271 1292 1304 auctor
1321 1280 1420 1305 usus
1450 1267 1504 1305 sit
1545 1267 1728 1305 fontibus

325 1343 483 1379 quoque
512 1330 628 1368 modo
659 1343 727 1368 eos
757 1329 1038 1380 composuerit.
1096 1329 1173 1375 Qui
1208 1330 1249 1367 in
1284 1330 1403 1380 primi
1444 1330 1537 1367 libri
1571 1330 1728 1380 praefa—

326 1394 436 1432 tione
479 1395 601 1432 verba
642 1393 739 1432 fecit
781 1393 881 1431 satis
924 1393 1056 1430 lucida
1092 1406 1210 1441 quem
1247 1394 1288 1430 in
1327 1394 1490 1432 modum
1519 1393 1728 1444 scripserit

325 1457 503 1496 libellum
541 1458 679 1496 dicens
721 1456 824 1503 ‚Non
860 1459 976 1507 iqicur
1010 1465 1142 1496 temere
1177 1459 1245 1495 lzoe
1287 1471 1482 1508 aqyressus
1523 1471 1603 1496 sum
1641 1471 1727 1496 eon-

325 1530 449 1561 texere
491 1524 707 1573 opusculum
735 1536 800 1561 uec
829 1524 1003 1573 propriis
1043 1524 1166 1561 nitens
1204 1524 1342 1561 viribus
1376 1554 1383 1561 .
1420 1552 1428 1560 .
1465 1554 1472 1561 .
1517 1525 1729 1574 aqqreqalis

328 1587 590 1635 insiqnissimis
618 1587 837 1624 huiusmodi
865 1588 1032 1625 lectionis
1060 1587 1289 1638 artificibus,
1327 1588 1427 1637 quod
1464 1589 1506 1626 in
1543 1590 1729 1638 opusculis

323 1653 399 1689 suis
428 1653 471 1689 (Ie
501 1652 600 1689 orbis
628 1653 701 1689 situ
731 1655 910 1689 senserint
939 1652 1099 1702 quidque
1128 1653 1270 1701 eqreyio
1301 1654 1419 1702 affatu
1451 1654 1621 1692 diiz‘erint
1652 1685 1659 1692 .
1688 1683 1696 1690 .

325 1717 435 1753 altius
473 1717 652 1766 inspicere
687 1717 827 1754 curavi.
885 1716 1027 1755 Melam
1057 1716 1313 1766 Pomponium
1348 1718 1430 1755 (lico
1460 1725 1570 1768 atque
1600 1719 1726 1756 Aethi-

324 1794 403 1819 cum
449 1782 748 1831 cosmoqrafum,
800 1781 1040 1819 illarliamcm
1089 1781 1245 1819 Felicem
1289 1781 1501 1832 Capellam,
1555 1782 1729 1821 Soliti-um

326 1845 632 1888 Polistorearum,
663 1844 845 1883 Oros-lum
871 1859 936 1884 ¹nec
964 1859 1039 1883 mm
1070 1845 1259 1883 Isidorum
1291 1854 1480 1897 ceteraque
1510 1861 1620 1897 quam
1644 1849 1728 1897 plu-

324 1911 423 1947 rima
451 1912 697 1958 arqumema.‘
738 1909 893 1955 Quibus
922 1909 1110 1947 indicatis
1139 1910 1253 1960 parvi
1282 1910 1430 1948 laboris
1459 1910 1537 1948 fuit
1556 1911 1730 1949 fontium

324 1973 544 2023 indagatio.
599 1973 734 2024 Atque
770 1973 826 2010 ita
861 1974 1108 2022 invenimus,
1152 1974 1389 2023 opusculum
1425 1975 1602 2024 exceptis
1639 1988 1729 2024 per—

323 2038 462 2088 paucis
482 2050 612 2085 neque
640 2037 690 2074 ad
709 2050 794 2074 rem
823 2038 1096 2087 spectantibus
1125 2037 1250 2075 locis¹
1278 2051 1299 2076 e
1327 2037 1490 2088 scriptis
1519 2044 1728 2076 auctorum

323 2100 620 2152 praedictorum
649 2105 880 2151 excerptum
910 2114 1010 2139 esse.
1068 2102 1178 2148 Quae
1213 2107 1353 2140 auctor
1387 2102 1483 2139 dicit
1522 2110 1730 2152 ‚ceteraque

325 2179 438 2216 quam
458 2167 627 2216 plurima
657 2173 890 2215 aryumenla‘
920 2167 1124 2216 pertinent
1151 2171 1308 2204 tantuin
1337 2166 1387 2204 ad
1418 2165 1602 2204 Caesaris
1623 2179 1729 2205 com-

327 2230 545 2269 mentarios
575 2230 625 2268 de
652 2230 743 2268 bell.
774 2230 878 2271 Gall.
908 2236 948 2269 et
976 2230 1026 2267 ad
1055 2230 1171 2268 Pauli
1200 2231 1400 2281 epitomen
1429 2230 1552 2269 Festi.
1610 2231 1727 2277 Quod

325 2299 465 2333 auctor
492 2299 574 2332 tam
603 2308 623 2332 e
657 2294 741 2332 suis
770 2294 948 2333 fontibus
977 2295 1125 2345 pendet
1159 2299 1204 2332 ut
1231 2308 1281 2333 ne
1310 2295 1434 2332 hilum
1463 2294 1624 2344 quidem
1655 2308 1729 2333 sua

325 2364 468 2410 sponte
505 2358 713 2404 adiecerit,
757 2359 825 2397 vix
861 2358 1076 2397 dolendum
1112 2363 1191 2407 est,
1235 2358 1327 2408 quia
1357 2359 1391 2397 si
1421 2358 1517 2408 quid
1546 2359 1641 2397 novi
1671 2360 1730 2396 in—

325 2422 520 2461 seruisset
543 2422 809 2460 dubitandum
829 2436 909 2461 non
930 2427 1002 2471 est,
1033 2423 1129 2472 quin
1158 2436 1283 2473 prava
1311 2436 1581 2474 perversaque
1602 2423 1730 2474 scrip—

325 2492 440 2525 turus
481 2486 622 2536 fuerit,
666 2491 710 2524 ut
746 2491 830 2524 erat
869 2486 931 2525 his
967 2487 1217 2537 temporibus
1261 2488 1404 2526 notitia
1446 2487 1554 2525 orbis
1596 2492 1728 2525 terrae

325 2551 488 2589 minima
522 2564 651 2601 neque
686 2556 830 2602 putare
864 2551 958 2590 licet
999 2552 1237 2601 magistrum
1280 2552 1439 2590 scholae
1482 2553 1729 2590 monasticae

425 2686 430 2710 Ι
459 2685 555 2728 Qum*
584 2686 716 2719 litteris
743 2687 896 2719 cursivis
924 2687 1187 2730 exprimentur,
