1916 3254
300 1132 339 1164 10

295 1455 337 1487 15

295 1777 340 1810 20

937 284 1195 321 -30-

366 398 532 435 terranei
560 396 688 444 maris,
719 407 812 444 quas
842 407 1047 432 memorare
1068 396 1159 445 quia
1183 395 1403 445 perlonqum
1426 403 1490 439 est,
1521 397 1571 434 acl
1592 409 1652 434 eas
1672 410 1789 446 quae·

366 468 450 498 sunl
483 460 625 502 oceani,
654 459 759 495 stilus
788 465 837 495 est
866 459 1075 496 vertendus.

366 617 458 671 [13]
501 617 558 658 De
597 616 752 658 insulis
793 616 938 659 oceani
977 617 1106 659 maris
1146 629 1171 659 a
1208 618 1330 671 parte
1370 617 1514 660 Indiae
1545 630 1672 672 usque
1712 620 1764 661 ad

843 686 1048 728 Gaditana
1077 686 1287 740 refugia.¹

471 803 707 853 Taprobane
724 802 741 829 2
768 803 900 840 insula
917 802 1032 853 Indic
1053 815 1100 840 ex
1121 816 1199 851 qua
1219 815 1392 841 oceanus
1421 802 1584 841 Indicus
1612 804 1766 854 incipit,

364 873 450 906 tota
476 866 707 916 margaritis
735 867 890 917 repleta
919 872 959 904 et
986 867 1156 915 gemmis
1166 880 1174 916 3
1209 880 1305 917 pars
1334 867 1420 905 eius
1448 868 1590 906 bestiis
1618 869 1768 907 referta

366 937 406 970 et
433 931 677 982 elephantis;
713 936 870 981 partem
904 944 999 969 vero
1035 930 1218 969 homines
1253 935 1405 968 tenent.
1461 931 1584 970 Utilis
1622 932 1765 983 insula,

365 1010 487 1045 quum
515 995 576 1033 bis
606 996 648 1033 in
676 1008 780 1033 anno
809 993 975 1033 floribus
1004 1008 1175 1032 vernare
1204 1008 1291 1032 eam
1321 995 1445 1044 aiunt,
1477 996 1538 1034 bis
1572 1001 1767 1035 aestatem

365 1066 405 1099 et
426 1060 486 1098 bis
514 1060 685 1098 hiemem
713 1060 860 1097 habere
890 1058 1097 1096 annuatim
1125 1059 1339 1097 affirmant.
1378 1060 1436 1098 De
1465 1073 1540 1110 qua
1560 1060 1766 1100 Solinus.·³

365 1124 630 1162 Tabrobanen
658 1123 832 1161 insulam
866 1127 1080 1171 antequam
1117 1123 1323 1161 temeritas
1357 1123 1533 1161 humana
1567 1125 1767 1173 exquisito

363 1188 551 1240 paenitus
571 1189 671 1226 mari
690 1187 811 1225 fidem
834 1187 1041 1237 panderet,
1064 1187 1133 1225 diu
1155 1188 1291 1225 orbem
1312 1188 1482 1226 alterum
1502 1195 1767 1239 putaverunt3

365 1258 405 1291 et
443 1253 603 1302 quidem
633 1265 750 1300 quam
786 1252 968 1289 habitare
1010 1256 1096 1288 tum
1134 1251 1295 1289 Scithas
1339 1252 1559 1290 crederent.
1616 1253 1769 1291 Verum

365 1317 586 1356 Alexandri
612 1316 752 1364 Magni
780 1314 910 1353 virtus
931 1315 1201 1363 ignorantiam
1232 1315 1384 1365 publici
1407 1316 1554 1354 erroris
1575 1329 1656 1353 non
1675 1317 1771 1354 tulit

364 1381 534 1420 ulterius
569 1393 739 1430 pergere
775 1379 848 1417 sed
885 1379 926 1417 in
967 1379 1067 1417 haec
1103 1392 1231 1427 usque
1267 1384 1465 1418 secretam
1499 1381 1771 1431 propugnavit

364 1445 538 1484 nominis
575 1443 638 1482 sui
672 1443 855 1493 gloriam.
908 1443 1062 1481 Missus
1091 1443 1217 1492 igitur
1253 1443 1506 1482 Onesicritus
1541 1444 1770 1495 praefectus

365 1510 506 1548 classis
534 1508 840 1556 Macedonicae,
879 1513 1028 1545 terram
1055 1508 1193 1557 istam,
1232 1513 1383 1557 quanta
1411 1514 1530 1559 esset,
1561 1509 1658 1558 quid
1685 1510 1770 1559 gig-

362 1579 488 1624 neret,
518 1573 716 1622 quomodo
746 1572 968 1610 haberetur
996 1573 1238 1621 exquisitam
1266 1573 1434 1612 notitiae
1461 1579 1625 1612 nostrae
1645 1574 1769 1612 dedit.

365 1640 484 1678 Patet
511 1638 552 1675 in
580 1637 876 1686 longitudinem
910 1642 1064 1687 septem
1099 1637 1251 1675 milium
1287 1637 1527 1686 stadiorum,
1563 1639 1606 1676 in
1634 1638 1770 1676 latitu-

365 1705 499 1742 dinem
528 1704 707 1752 quinque
741 1702 869 1751 milia3
910 1702 1109 1740 scinditur
1145 1701 1252 1740 amni
1286 1701 1485 1740 interfluo.
1542 1702 1647 1740 Nam
1673 1716 1769 1753 pars

365 1770 451 1807 eius
486 1768 628 1806 bestiis
658 1772 698 1806 et
725 1767 949 1818 elephantis
984 1767 1138 1817 repleta
1176 1771 1255 1816 est,
1298 1780 1466 1816 magnos
1494 1768 1619 1806 multo
1650 1781 1768 1816 quam

363 1832 443 1871 fert
468 1832 599 1880 India3
629 1836 786 1881 partem
814 1831 998 1869 homines
1027 1836 1179 1869 tenent.

469 1896 705 1944 Margaritis
736 1899 865 1933 scatet
894 1900 932 1932 et
969 1895 1138 1944 gemmis
1174 1896 1371 1934 omnibus.
1426 1896 1595 1934 Dierum
1622 1897 1769 1946 viginti

364 1961 492 2011 primo
522 1961 563 1998 in
593 1973 679 1998 eam
707 1959 786 1997 fuit
815 1973 968 2007 cursus,
999 1959 1071 1997 sed
1101 1973 1190 1997 cum
1218 1960 1442 2009 papiraceis
1473 1965 1512 1998 et
1540 1960 1624 1998 Nili
1658 1961 1768 1998 navi-

469 2109 495 2144 4
530 2106 721 2145 &aditum
763 2106 857 2154 falso
891 2119 951 2155 ap.
984 2106 1196 2144 Duemmlet:
1279 2106 1328 2142 10
1364 2105 1644 2156 Taprobanen]
1686 2105 1766 2143 Sol.

775 2177 787 2195 Ί

366 2207 480 2259 (GA)
565 2207 612 2243 12
649 2219 681 2246 c.
718 2187 835 2253 quem
866 2203 912 2242 M
945 2218 1063 2253 quem
1092 2204 1169 2243 Sol.
1209 2205 1380 2254 (Diona)
1463 2205 1767 2242 Antichthones

366 2272 576 2311 crederent
596 2270 672 2309 Sol.
704 2269 775 2319 (H)
834 2269 883 2305 14
910 2281 1145 2318 permanere
1168 2269 1239 2307 sed
1261 2268 1339 2307 Sol.
1371 2269 1443 2319 (H)
1501 2273 1657 2307 secreta
1686 2268 1765 2307 Sol.

365 2335 605 2387 propagavit
639 2334 715 2373 Sol.
761 2334 819 2385 (h)
931 2333 978 2370 17
1017 2346 1049 2371 c.
1085 2334 1271 2372 notitiam
1301 2347 1338 2371 m
1375 2335 1489 2371 erasit
1525 2347 1545 2372 e
1585 2334 1662 2372 adef.
1700 2332 1767 2371 M'2

368 2402 416 2439 18
445 2400 667 2439 stadiorum
694 2403 849 2448 septem
878 2397 988 2435 milia
1007 2397 1082 2436 Sol.
1105 2399 1177 2448 (H)
1235 2400 1286 2436 20
1313 2398 1532 2436 maioribus
1554 2397 1632 2437 Sol.
1665 2399 1763 2450 (ma-

367 2502 459 2551 gnis
489 2501 540 2551 H)
596 2500 643 2537 21
676 2512 707 2537 c.
735 2470 817 2546 iret
847 2498 891 2536 M

468 2660 474 2685 ¹
502 2661 544 2693 cf.
573 2660 673 2692 Mart.
707 2655 790 2700 Cap.
832 2655 891 2695 Vl,
927 2656 993 2689 621
1021 2659 1055 2688 in
1081 2655 1250 2690 Gaditana
1283 2659 1465 2700 pervenisse
1490 2656 1633 2700 refuyia.
1682 2655 1698 2682 2
1724 2666 1767 2688 ex

371 2721 452 2753 Isid,
481 2719 576 2762 XIV,
602 2720 635 2762 (37
661 2720 717 2753 12.
770 2720 784 2745 3
812 2714 903 2757 LIII7
932 2714 1054 2748 1-30.
