1916 3254
238 951 282 984 10

237 1273 279 1306 15

235 1598 281 1633 20

881 261 1037 298 ἡ82
1094 285 1143 288 „-

310 371 455 409 deinde
488 376 787 420 peremptorum
822 369 979 408 viscera
1013 371 1152 420 epulas
1188 371 1361 421 habent,
1399 373 1505 421 quod
1539 373 1595 411 ibi
1630 387 1711 412 non

309 433 473 472 sceleris
502 432 573 470 sed
601 433 765 483 pietatis
793 433 881 472 loco
909 439 1132 473 numerant.
1190 435 1294 473 Sunt
1322 436 1442 474 etiam
1471 437 1712 487 quicumque

308 498 526 535 incubuere
559 496 708 545 morbi,
743 497 885 547 procul
919 512 942 536 a
977 498 1122 537 ceteris
1152 498 1193 537 in
1222 504 1377 538 secreta
1413 501 1580 550 abeunt,
1610 501 1712 539 nihil

309 561 425 599 anxie
454 565 622 599 mortem
651 565 923 611 expectantes.

418 625 585 675 Lonqum
612 632 664 662 est
691 626 780 662 leaeo
802 627 989 676 persequi,
1025 640 1139 676 quam
1168 628 1211 664 ob
1240 640 1319 665 rem
1346 635 1490 665 caetera
1517 628 1710 666 intuenda.

308 690 543 729 Marcianus.
564 689 573 715 l
615 688 773 727 Dehinc
791 689 979 727 habitant
997 690 1198 739 Ictiofagi‚
1228 703 1329 739 quos
1348 690 1582 728 Alexander
1601 691 1712 729 vesci

306 753 488 803 piscibus
529 753 677 801 vetuit3
720 765 795 791 nec
836 753 956 803 longe
996 753 1130 792 insula
1166 754 1272 792 Solis
1315 767 1417 802 quae
1460 754 1629 804 dicitur,
1673 762 1714 793 et

306 816 573 866 Nimpharum
602 816 732 854 cubile
760 816 929 866 rubens,
966 816 1008 854 in
1037 831 1115 866 qua
1144 830 1259 856 omne
1288 818 1436 856 animal
1465 818 1505 856 vi
1539 818 1713 856 fervoris

306 881 545 920 absumitur.
587 881 684 919 Mox
702 880 900 930 Hispanis
921 881 1161 919 Germaniae
1189 881 1350 930 fluvius,
1380 894 1403 919 a
1431 895 1510 930 quo
1539 881 1714 931 primum

307 944 434 996 aspici
463 944 771 995 septemtriones
799 943 1010 993 incipiunt,
1067 944 1225 983 Deinde
1260 950 1343 983 tres
1371 945 1528 983 insulae
1556 946 1599 983 in
1628 945 1713 994 qui-

307 1011 383 1048 bus
421 1009 542 1060 hydri
575 1008 720 1046 marini
748 1007 935 1046 vicenum
962 1012 1058 1046 sunt
1086 1008 1329 1057 cubitorum;
1366 1009 1408 1046 in
1436 1009 1500 1047 his
1528 1009 1714 1047 Rubrum

306 1088 415 1113 mare
455 1073 642 1112 litoribus
684 1072 776 1111 sinu
818 1071 977 1120 gemino
1021 1071 1264 1121 disparatur,
1307 1085 1447 1110 verum
1489 1073 1713 1111 orientibus

306 1139 497 1178 Persicus
527 1137 674 1175 dicitur
702 1140 866 1186 propter
894 1135 1184 1174 habitationem
1212 1136 1436 1174 Persarum.
1494 1137 1573 1182 Qui
1601 1136 1714 1175 sinus

306 1203 426 1242 vities
462 1207 502 1241 et
537 1200 748 1249 sexaginta
782 1199 893 1237 milia
930 1198 1102 1237 circuitu
1137 1203 1269 1249 patet,
1314 1212 1364 1237 ex
1398 1200 1570 1238 adverso
1614 1201 1715 1239 alter

306 1267 507 1306 Arabicus
535 1269 715 1304 vocatur.
754 1263 971 1302 Germania
991 1276 1149 1312 quoque
1169 1263 1308 1301 Persis
1337 1263 1583 1313 adiungitur,
1613 1278 1715 1313 quae

308 1333 356 1370 ab
386 1330 520 1369 insula
547 1328 763 1367 Frondisia
791 1328 971 1377 inchoat,
1010 1340 1112 1376 quae
1148 1331 1311 1366 extenta
1339 1332 1402 1365 est
1428 1327 1469 1365 in
1499 1328 1717 1366 Pardicum

308 1408 466 1435 nomen.
522 1395 569 1432 1η
605 1394 724 1431 litore
761 1405 839 1442 quo
877 1392 1037 1431 occasui
1075 1392 1275 1441 subiacet,
1312 1392 1467 1430 milium
1505 1397 1567 1430 est
1596 1393 1714 1441 quin-

310 1464 523 1510 gentorum
557 1456 863 1508 quinquaginta.
921 1456 1124 1507 Oppidum
1159 1456 1215 1494 ibi
1249 1455 1384 1494 nobile
1414 1455 1530 1505 Susa,
1567 1456 1608 1494 in
1638 1469 1714 1505 quo

311 1525 505 1575 templum
532 1523 687 1560 Dianae
716 1521 854 1560 Susae.
910 1521 1033 1558 quta
1069 1525 1131 1558 est
1160 1519 1321 1558 Oarbile
1356 1520 1443 1559 sive
1472 1520 1640 1558 Barbita
1674 1521 1716 1558 in

312 1594 473 1628 centum
501 1587 670 1636 triginta
698 1585 872 1635 milibus,
902 1585 945 1623 in
975 1598 1053 1634 qua
1082 1589 1178 1623 sunt
1206 1585 1388 1624 homines
1409 1585 1477 1634 qui
1505 1598 1647 1622 aurum
1675 1584 1717 1622 in

311 1653 513 1705 profunda
540 1651 753 1690 defodiunt
780 1663 830 1688 ne
860 1650 925 1688 cui
953 1650 1007 1688 sit
1026 1649 1068 1686 in
1087 1662 1216 1687 usum.
1259 1648 1453 1698 Parthyci
1482 1661 1577 1687 vero
1599 1649 1716 1697 regni

309 1718 532 1767 nonaginta
578 1715 846 1765 quadraginta
892 1718 1084 1764 quattuor
1130 1713 1240 1751 milia
1286 1726 1490 1763 passuum.
1561 1713 1714 1751 Verum

417 1900 434 1935 1
467 1911 498 1936 c.
536 1896 628 1935 deid
665 1909 764 1934 corr.
802 1893 948 1932 deinde
1056 1897 1078 1931 2
1109 1893 1229 1931 etiam
1265 1891 1355 1941 qui,
1399 1905 1489 1930 cum
1524 1891 1600 1930 inc.
1638 1891 1715 1930 Sol.

308 1965 332 2001 3
363 1976 393 2001 c.
424 1962 603 1999 habeunt
710 1959 735 1996 4
763 1957 946 2009 mortem]
983 1959 1093 2007 prius
1122 1970 1161 1994 m
1190 1958 1231 1994 in
1258 1958 1393 1994 lacuna
1475 1956 1498 1993 6
1527 1955 1715 2006 Ichthyo-

308 2027 429 2079 phagi
459 2025 578 2064 Αἶαν-1.
610 2023 725 2075 (BR)
795 2023 820 2060 8
848 2021 1130 2071 Nympharum
1160 2020 1280 2058 Mart.
1350 2021 1373 2057 9
1402 2019 1590 2069 Hypanis
1621 2019 1716 2057 Car-

308 2091 464 2130 maniae
494 2088 607 2141 (BR)
639 2087 761 2126 Μανί.
838 2087 883 2122 11
916 2098 947 2123 c.
978 2085 1099 2123 rubro
1130 2097 1227 2122 corr.
1258 2084 1425 2121 rubrum
1502 2084 1547 2121 12
1576 2096 1717 2121 verum

309 2156 465 2195 ortivus
494 2153 614 2192 ΛῙανΙ.
673 2152 721 2189 15
744 2150 979 2189 Carmaniae
1009 2148 1130 2187 Μανι.
1153 2148 1204 2199 (Β
1215 2148 1269 2198 R)
1329 2148 1376 2184 16
1396 2147 1529 2185 insula
1557 2147 1716 2197 Aphro-

309 2219 413 2259 disia
442 2218 558 2258 Mart.
591 2216 705 2267 (BR)
762 2214 961 2252 translata
989 2218 1052 2251 est
1080 2213 1120 2249 in
1151 2212 1385 2250 Parthicum
1415 2210 1536 2249 illam.
1597 2212 1643 2248 17
1675 2211 1716 2248 in

309 2283 440 2335 litore]
473 2282 513 2320 in
543 2283 637 2320 deest
660 2279 782 2318 Mart.
840 2277 997 2316 obiacet
1025 2276 1144 2314 Mart.
1204 2277 1252 2313 18
1283 2275 1425 2313 Susiae
1456 2274 1576 2312 Mart.
1601 2274 1716 2326 (BR)

312 2386 360 2422 19
390 2397 421 2422 c.
452 2354 536 2420 iirta
565 2380 628 2419 M¹
712 2379 824 2416 iuxta
853 2377 1027 2426 Oarbyle
1056 2376 1143 2414 sive
1172 2374 1353 2424 Barbyta
1383 2374 1502 2413 Mart.
1575 2374 1622 2410 21
1655 2373 1718 2411 cui

310 2447 378 2499 sit]
409 2446 451 2485 ui
480 2446 533 2485 sit
563 2447 601 2482 in
629 2446 766 2482 lacuna
847 2455 924 2479 usu
954 2440 1074 2479 Mart.
1146 2438 1321 2477 Parthici
1351 2438 1471 2477 Mart.
1541 2438 1591 2474 22
1621 2450 1717 2475 non—

310 2517 430 2562 genta
459 2510 579 2548 Mart.
636 2505 840 2559 passuum]
873 2519 909 2542 m
939 2507 975 2543 ἱιι
1006 2506 1140 2543 lacuna

410 2680 416 2705 ι
452 2680 511 2722 VI,
538 2679 734 2713 699--702
