1916 3254
762 276 1022 312 -.43.-

195 384 243 421 ad
264 383 412 422 fretum
431 398 537 423 nunc
566 392 691 434 vaste,
721 391 894 423 retracta
912 399 1019 423 nunc
1038 386 1267 435 prominens
1288 390 1370 423 tres
1390 384 1584 422 maximos

188 448 300 485 sinus
329 447 453 486 efficit
481 449 729 497 totidemque
749 462 792 487 se
812 450 854 486 in
873 449 998 486 altum
1019 449 1175 498 magnis
1203 448 1404 486 frontibus
1434 447 1584 486 evehit.

188 511 313 548 Extra
335 512 344 538 1
371 511 518 550 fretum
547 513 598 550 ad
619 513 865 551 occidentem
884 513 1107 561 inaequalis
1128 512 1343 550 admodum
1368 511 1585 561 praecipue

189 574 317 611 media
346 577 554 625 procurrit,
585 576 634 614 ad
664 577 978 626 septentrionem
1006 576 1085 614 nisi
1112 577 1180 613 ubi
1210 576 1332 614 semel
1361 576 1585 622 iterumque

191 637 335 685 grandi
377 652 540 677 recessu
583 640 796 677 adducitur
833 653 935 689 pene
971 640 1122 678 directo
1157 640 1281 677 limite
1315 644 1476 677 extenta
1511 643 1585 677 est.

189 702 301 739 Mare
321 702 426 750 quod
447 704 572 752 primo
593 704 683 740 sinu
703 703 859 752 accipit,
888 704 1071 751 Aegeum
1091 703 1246 752 dicitur,
1276 702 1383 751 quod
1404 703 1587 750 sequenti

190 765 230 801 in
259 779 326 803 ore
362 765 534 814 Ionium,
573 766 824 803 Adriaticum
858 766 1045 814 interius,
1089 766 1195 814 quod
1231 767 1369 803 ultimo
1407 778 1481 803 nos
1509 765 1586 803 Tu-

190 842 301 866 scum
331 843 448 877 quem
470 829 567 867 Grai
587 830 852 880 Tyrrenicum
879 830 1102 878 perhibent.
1150 829 1339 866 Gentium
1367 830 1495 878 prima
1525 836 1587 867 est

191 892 352 941 Scithia,
382 893 457 930 alia
486 906 603 940 quam
633 893 739 930 dicta
769 897 831 930 est
860 892 911 929 ad
932 892 1097 940 Tanain,
1126 893 1257 930 media
1284 892 1409 930 ferme
1429 893 1586 930 Pontici

190 956 343 1003 lateris,
387 956 480 993 hinc
516 957 555 993 in
589 956 693 1004 Egei
730 961 885 1005 partem
925 957 1131 1005 pertinens
1170 955 1331 993 Tratiae
1373 969 1419 993 ac
1455 956 1586 993 Mace-

190 1020 330 1057 doniae
358 1019 599 1068 adiungitur.
639 1019 742 1056 Tum
762 1019 900 1057 Gretia
928 1020 1129 1068 prominet
1150 1019 1385 1069 Egeumque
1406 1020 1454 1056 ab
1476 1020 1586 1058 Ionio

190 1082 289 1120 mari
325 1083 485 1120 dirimit.
541 1083 740 1121 Adriatici
781 1084 887 1121 latus
930 1083 1033 1120 lliris
1077 1088 1264 1133 occupat;
1309 1084 1414 1121 inter
1457 1084 1588 1133 ipsum

187 1146 439 1184 Adriaticum
472 1152 512 1184 et
546 1147 723 1185 Tuscum
765 1147 881 1184 Italia
922 1148 1132 1197 procurrit.
1191 1148 1234 1185 In
1273 1147 1403 1185 Tusco
1446 1146 1586 1184 intimo

189 1209 318 1247 Gallia
353 1215 431 1259 est,
476 1211 578 1248 ultra
613 1211 828 1261 Hispania;
871 1211 970 1249 haec
1005 1212 1046 1248 in
1082 1211 1329 1249 occidentem
1363 1211 1512 1259 diuque
1548 1212 1587 1248 in

188 1274 516 1323 septemtrionem
536 1274 707 1312 diversis
726 1275 928 1312 frontibus
949 1275 1090 1323 vergit.
1120 1275 1277 1313 Deinde
1297 1288 1438 1313 rursus
1459 1275 1586 1312 Gallia

191 1345 252 1375 est-
279 1338 397 1386 longe
432 1344 471 1376 et
499 1352 521 1376 a
557 1340 708 1377 nostris
743 1338 928 1376 litoribus
963 1339 1171 1387 hucusque
1207 1340 1418 1389 permissa3
1464 1339 1512 1376 ab
1542 1352 1586 1377 ea

191 1401 381 1439 Germani
409 1402 459 1439 ad
489 1402 694 1440 Sarmatas
722 1404 994 1452 porriguntur,
1026 1403 1081 1440 illi
1111 1403 1162 1440 ad
1189 1404 1340 1440 Asiam.
1381 1402 1518 1440 Africa
1539 1403 1586 1440 ab

192 1465 356 1503 orientis
385 1471 497 1515 parte
526 1466 618 1504 Nilo
647 1467 860 1504 terminata
889 1467 1033 1516 pelago
1063 1480 1085 1504 a
1115 1468 1295 1504 caeteris.
1334 1466 1506 1504 Brevior
1526 1475 1588 1504 est

194 1529 352 1576 quidem
387 1543 506 1578 quam
533 1530 720 1581 Europae
759 1532 850 1578 quia.
885 1543 959 1568 nec
994 1544 1163 1578 usquam
1200 1531 1298 1568 Asia
1335 1536 1397 1568 est
1434 1536 1473 1568 et
1507 1543 1587 1568 non

193 1593 288 1630 totis
324 1593 443 1631 huius
478 1594 663 1631 litoribus
700 1594 947 1642 obtenditur;
992 1595 1149 1642 longior
1185 1600 1319 1632 tamen
1348 1595 1434 1643 ipsa
1470 1607 1589 1642 quam

191 1656 321 1704 latior,
358 1662 397 1694 et
426 1671 503 1705 qua
531 1657 583 1694 ad
610 1657 747 1695 Nilum
783 1657 948 1706 attingit
976 1657 1184 1707 latissima,
1224 1663 1347 1706 utque
1376 1658 1468 1696 inde
1496 1672 1587 1708 pro-

194 1719 310 1769 cedit,
340 1721 396 1758 ita
424 1721 552 1759 media
581 1721 794 1772 praecipue
824 1723 862 1759 in
891 1721 985 1770 iuga
1014 1735 1234 1771 exsurgens
1254 1722 1384 1772 pergit
1405 1722 1445 1759 in
1467 1735 1588 1760 curva

194 1783 243 1820 ad
264 1797 449 1822 occasum
476 1785 699 1834 fatigatque
720 1799 762 1823 se
782 1785 970 1833 molliter:
1001 1792 1041 1824 et
1060 1786 1149 1824 ideo
1171 1799 1219 1823 ex
1239 1786 1368 1836 spatio
1398 1786 1588 1835 paulatim

197 1846 423 1896 adductior;
466 1849 535 1886 ubi
570 1848 726 1898 finitur,
770 1850 826 1887 ibi
853 1849 1024 1887 maxime
1052 1855 1225 1897 angusta
1254 1854 1327 1887 est.
1385 1849 1589 1895 Quantum

194 1911 379 1949 incolitur
406 1912 548 1950 eximie
582 1912 748 1962 fertilis,
788 1926 928 1950 verum
958 1913 1066 1961 quod
1094 1913 1285 1962 pleraque
1315 1913 1401 1950 eius
1436 1913 1587 1950 inculta

194 1979 233 2012 et
260 1980 330 2012 aut
357 1976 488 2014 arenis
517 1976 723 2014 sterilibus
753 1976 927 2014 obducta
948 1981 1016 2014 aut
1036 1977 1084 2014 ob
1107 1976 1215 2014 sitim
1244 1976 1343 2014 caeli
1372 1982 1587 2014 terrarum-

297 2185 321 2221 2
351 2197 382 2222 c.
413 2184 547 2222 euehit
576 2191 689 2223 extra
717 2185 876 2222 fretum.
907 2184 958 2222 ad
1031 2186 1054 2221 Ξ)
1083 2184 1296 2222 abducitur
1325 2184 1411 2222 Mel.
1487 2197 1587 2234 pene

195 2253 239 2284 ut
268 2247 354 2285 Mel.
453 2250 476 2286 6
504 2250 712 2297 Aegaeum
742 2249 828 2287 Mel.
859 2248 929 2299 (A)
1040 2249 1062 2285 ’ἲ
1092 2248 1372 2285 Hadriaticum
1402 2248 1489 2285 Mel.
1520 2247 1585 2298 (B)

195 2311 371 2350 Tuscum
399 2312 495 2349 Grai
524 2311 612 2350 Mel.
644 2315 715 2363 (A)
798 2314 847 2352 10
874 2312 1027 2361 Aegaei
1057 2312 1143 2350 Mel.
1176 2312 1335 2363 (GPR)
1418 2312 1587 2350 Thracia

193 2377 287 2414 huic
314 2377 549 2414 Macedonia
578 2376 664 2415 Mel.
695 2377 764 2428 (A)
829 2378 877 2413 12
906 2376 1040 2426 Illyris
1071 2376 1157 2414 Mel.
1193 2376 1242 2426 (B
1254 2376 1305 2427 G)
1363 2377 1413 2413 14
1441 2376 1588 2425 diuque

194 2442 313 2479 etiam
341 2441 391 2478 ad
420 2440 508 2478 Mel.
566 2441 614 2478 16
634 2455 656 2479 a
684 2442 812 2479 nostri
840 2441 961 2478 maris
991 2440 1077 2481 Mel,
1110 2442 1180 2490 (A)
1239 2442 1286 2477 19
1306 2440 1469 2490 Europe
1497 2440 1586 2478 Mel.

195 2505 249 2555 (A
262 2505 286 2555 ¹)
361 2518 393 2543 c.
423 2505 518 2543 asia.
549 2507 569 2542 e
597 2511 648 2553 et,
678 2505 801 2543 Asiae
831 2510 870 2543 et
899 2504 985 2543 Mel.
1017 2505 1141 2556 (asiae
1168 2510 1208 2542 et
1235 2505 1288 2555 A)
1370 2505 1417 2541 21
1450 2517 1481 2542 c.
1511 2517 1589 2553 qua

194 2569 244 2607 ad
273 2569 442 2607 nihilum
469 2570 511 2607 hi
540 2583 634 2607 eras.
705 2569 755 2606 ad
783 2568 951 2607 fluvium
979 2569 1069 2607 Mel.
1139 2570 1188 2606 ‘23
1225 2568 1470 2618 fastigatque
1500 2568 1588 2606 Mel.

1317 2640 1334 2660 n

195 2669 264 2719 (A)
355 2669 406 2705 24
432 2667 614 2719 maxime]
649 2669 683 2705 in
715 2682 830 2717 mary.
861 2670 1006 2718 signnm
1035 2670 1154 2706 crucis
1238 2680 1269 2706 c,
1300 2668 1471 2716 adgusta
1500 2666 1547 2704 ΑΙ

1612 961 1657 994 10

1614 1279 1656 1310 15

1612 1595 1658 1628 20
