1916 3254
93 405 214 442 Hunc
249 415 403 440 amnem
438 415 552 440 mons
587 400 781 439 Vesselus
818 401 921 437 inter
955 403 1110 437 montes
1146 398 1310 448 Alpium
1348 398 1488 436 elatior

94 467 224 517 gignit
253 468 294 504 de
322 467 432 504 fonte
453 465 626 503 mirabili
645 465 712 513 qui
732 465 773 501 in
791 463 987 512 Ligurum
1015 462 1162 500 finibus
1190 461 1336 500 flumen
1367 466 1485 509 creat,

84 542 142 570 'ac
182 530 327 568 dehinc
367 529 513 567 fluvius
554 541 710 567 mersus
746 529 785 565 in
823 527 958 577 penita
993 526 1150 564 telluris
1184 526 1226 563 in
1262 534 1374 576 parte
1404 526 1488 573 agri

96 594 338 632 Bibonensis
369 593 546 642 emergit.
604 592 724 630 Canis
762 597 852 629 ortu
888 590 1088 628 diffusior:
1129 603 1220 628 nam
1249 590 1390 627 solutis
1420 589 1488 626 Al-

96 658 207 708 pium
235 658 395 696 nivibus
423 656 636 705 flagrantia
665 656 760 694 solis
789 655 935 693 aestivi
964 655 1156 692 exuberat
1183 654 1289 691 ultra
1317 653 1490 702 gurgitis

98 723 206 772 ripas
235 722 411 770 nullique
447 722 596 770 gloriae
630 720 822 758 nobilium
856 721 1029 757 amnium
1067 719 1211 757 cedens
1240 718 1406 767 triginta
1434 730 1491 755 re-

100 787 225 836 ceptis
253 785 483 823 fluminibus
503 785 754 822 Adriaticum
773 796 881 821 mare
910 796 1054 831 magna
1082 784 1237 832 opimus
1267 781 1492 831 granditate

99 849 316 899 perfundit.
375 848 542 886 Caetera
584 847 722 884 Italiae
764 846 1020 884 memoranda
1055 859 1129 884 nec
1165 851 1305 896 poetae
1347 852 1492 883 tacent.

101 914 138 950 A
166 913 365 950 Laciniol
400 910 605 960 praedicto
640 910 940 960 promuncturio
977 910 1178 947 secundus
1213 909 1354 960 incipit
1382 910 1494 947 sinus

102 977 286 1026 Europae
323 987 465 1022 magno
501 973 652 1011 ambitu
685 972 813 1010 flexus
850 977 889 1010 et
923 972 1219 1010 Acroceraunio
1249 973 1377 1022 Epyri
1413 978 1492 1011 ter-

102 1040 208 1077 mina
236 1052 258 1075 a
285 1038 593 1088 promunctorio.
632 1036 790 1074 Exhinc
817 1041 980 1087 propter
1009 1035 1199 1086 oppidum
1228 1037 1360 1074 sinum
1380 1050 1497 1085 quam

103 1103 238 1153 plures
268 1102 308 1138 in
338 1114 446 1138 mare
474 1101 591 1138 Italia
617 1100 832 1151 plurimum
861 1113 1031 1150 pergens
1061 1101 1100 1137 in
1128 1100 1317 1150 Hydrum
1344 1100 1498 1138 Forun-

104 1174 188 1203 tum
217 1166 358 1203 urbem
386 1165 508 1203 venit.
563 1164 682 1202 Unde
719 1163 761 1202 in
790 1164 967 1202 Gretiam
1004 1164 1267 1202 brevissimus
1303 1165 1498 1202 transitus

105 1229 193 1266 Hac
211 1229 226 1255 2
256 1228 401 1266 dehinc
429 1228 547 1266 Italia
574 1241 646 1278 per
675 1228 843 1278 populos
874 1228 986 1265 sinus
1017 1228 1138 1266 urbes
1166 1227 1313 1266 fluvios
1342 1234 1499 1266 montes

105 1294 376 1342 barbarosque
397 1306 515 1341 quam
542 1293 678 1342 plures
707 1292 867 1330 ducitur
895 1292 937 1329 in
965 1292 1066 1330 fines
1086 1292 1282 1342 Hyllirici.
1314 1292 1500 1330 Tertius3

105 1363 238 1395 autem
284 1358 397 1395 sinus
442 1358 629 1406 Europae
675 1355 994 1394 Acrocerauneis
1049 1357 1241 1395 inchoans
1297 1357 1500 1394 montibus

106 1421 369 1471 Hellesponto
411 1421 649 1459 terminatur
689 1434 735 1458 ac
777 1421 888 1458 sinus
923 1420 1045 1459 habet
1079 1421 1247 1459 decem4'
1285 1428 1325 1459 et
1358 1434 1502 1458 novem

107 1486 414 1536 provinciasque
444 1498 562 1533 quam
590 1485 738 1534 plures.
785 1485 888 1522 Nam
916 1485 971 1522 ibi
1001 1491 1096 1522 sunt
1123 1485 1298 1536 Epyrus,
1328 1486 1502 1528 Acarna,

108 1548 283 1598 Ethulia,
322 1548 454 1597 Focis,
491 1548 645 1598 Locris,
682 1549 845 1599 Achaia,
875 1549 1076 1598 Messana,
1107 1550 1293 1599 Laconia,
1323 1550 1499 1598 Argolis,

109 1613 297 1662 Megaris,
333 1613 506 1661 Atticae,
543 1612 695 1650 Beotia.
750 1613 854 1651 Item
882 1613 930 1650 ab
961 1612 1036 1651 alio
1064 1613 1189 1651 latere
1217 1613 1373 1662 alioque
1403 1614 1499 1651 mari

110 1677 290 1715 Tessalia
318 1676 565 1726 Macedonia,
595 1677 816 1726 Magnesia,
848 1677 986 1715 Gretia
1007 1677 1147 1715 omnis.
1186 1678 1349 1727 Epyrus
1370 1684 1502 1715 autem

219 1826 235 1859 1
269 1836 299 1860 c.
336 1808 518 1860 sueselus
553 1821 639 1872 (ill,>
669 1823 838 1871 primum
872 1835 891 1860 s
925 1836 1019 1860 eras.
1182 1824 1356 1862 Vesulus
1385 1824 1505 1862 Mart.

112 1887 135 1924 2
164 1887 213 1924 de
242 1888 336 1924 deest
366 1886 485 1925 Mart.
637 1898 669 1925 c.
698 1885 887 1934 ligurium
914 1886 927 1923 i
956 1900 1049 1925 eras.
1209 1888 1235 1924 4
1263 1888 1507 1927 Vibonensis

113 1950 233 1988 ,Maru
264 1950 378 2001 (BR)
462 1950 484 1986 9
514 1949 659 1987 dehinc
688 1963 710 1986 a
738 1950 831 1988 Lac.
861 1957 1060 2000 promunt.
1090 1951 1210 1989 Mart.
1296 1953 1346 1991 10
1373 1952 1507 1990 termi—

112 2023 232 2052 natur
259 2014 379 2052 Mart.
490 2015 535 2050 11
568 2027 600 2051 c.
629 2013 929 2064 promuncturio
960 2028 981 2053 o
1011 2028 1108 2053 corr.
1148 2015 1197 2052 Μ
1301 2029 1331 2055 c.
1363 2016 1508 2067 oppida

113 2113 305 2162 sinusque
335 2112 453 2151 Mart.
519 2114 566 2149 12
595 2113 855 2163 Hydruntum
884 2113 1006 2152 illari.
1033 2114 1099 2164 (B)
1158 2115 1205 2152 13
1235 2128 1267 2153 c.
1299 2087 1434 2154 orbem
1463 2115 1513 2154 M

117 2178 165 2215 14
193 2189 224 2214 c.
253 2177 357 2214 hanc
386 2177 530 2214 dehinc
555 2178 721 2227 primum
749 2190 799 2215 nc
828 2190 937 2222 eras„
967 2191 1061 2217 corr.
1091 2179 1166 2217 hac
1250 2181 1296 2218 16
1328 2181 1510 2230 Europae

116 2241 227 2278 sinus
252 2240 371 2278 Mart.
439 2241 746 2279 Acrocerauniis
775 2241 895 2280 Mart.
967 2243 1014 2280 18
1042 2243 1192 2293 Epirus
1223 2243 1389 2295 (epyrus
1409 2243 1508 2294 BR)

117 2305 344 2342 Acarnania
373 2305 547 2356 (aearnia
565 2305 661 2356 BR)
690 2305 852 2344 Aetolia
880 2306 1045 2355 (etholia.
1065 2307 1115 2357 B)
1145 2307 1292 2345 Phocis
1321 2307 1439 2357 (focis
1458 2307 1509 2359 B)

120 2396 127 2404 .
150 2396 158 2404 .
180 2397 188 2405 .
207 2367 410 2406 Messenia
429 2398 437 2406 .
459 2399 467 2408 .
490 2399 497 2406 .
519 2371 655 2408 Attice
683 2370 828 2408 Boetia
857 2370 1007 2419 [beotia
1033 2372 1106 2422 13¹)
1136 2371 1256 2410 Mart.
1315 2372 1363 2409 19
1394 2385 1424 2410 c.
1455 2376 1511 2423 et-

120 2431 230 2468 bulia
273 2432 295 2469 b
333 2433 371 2469 in
407 2432 433 2469 h
471 2446 564 2471 corr.
596 2433 644 2472 M
722 2436 772 2472 ⁶20
799 2434 899 2472 mari
940 2435 1088 2472 Phocis
1130 2442 1169 2472 et
1210 2435 1350 2473 Locris
1391 2435 1512 2474 Doris

119 2495 324 2534 Phthiotis
360 2495 568 2534 Thessalia
600 2498 809 2546 Magnesia
843 2499 995 2536 Maced.
1032 2498 1203 2536 Thracia
1232 2499 1299 2538 Gr.
1330 2512 1363 2537 0.
1393 2499 1511 2538 Mart.

121 2560 167 2596 21
199 2559 345 2610 Epiros
374 2560 493 2598 illart.
526 2561 676 2611 (epirus
706 2562 747 2613 b)

218 2696 228 2722 1
255 2697 301 2729 ib.
330 2695 391 2740 vi,
417 2696 495 2730 (350.
553 2695 568 2722 2
593 2697 616 2730 i.
642 2706 669 2728 e.
697 2707 744 2730 ac.
800 2696 815 2722 3
840 2697 888 2732 ib.
914 2697 976 2742 vl,
1002 2698 1079 2733 651.
1137 2697 1151 2723 ⁴
1176 2699 1224 2731 ib.
1255 2698 1314 2742 VI,
1340 2698 1512 2732 651-52.

1520 977 1565 1013 10

1527 1298 1568 1330 15
