1916 3254
239 928 282 961 10

236 1249 280 1282 15

238 1569 284 1603 20

879 236 1139 273 -62-

307 348 498 386 Bellonae
525 359 781 396 progressus,
809 346 915 395 quod
943 346 1108 385 Beticae
1137 347 1327 398 oppidum
1355 357 1428 396 est,
1457 348 1563 386 ultra
1581 347 1703 386 inter-

308 412 442 449 iacens
464 410 609 448 fretum
629 409 751 447 trium
771 414 811 448 et
829 410 1005 458 trigenta
1025 411 1176 449 milium
1195 424 1387 462 passuum
1403 411 1523 461 Tingi
1544 412 1702 462 excipit,

307 475 574 512 Mauritaniae
602 486 709 511 nunc
739 474 916 511 colonias
946 479 986 512 et
1015 475 1129 513 cuius
1157 475 1344 512 Antheus
1381 476 1535 525 primus
1564 481 1702 514 auctor

308 549 380 577 est.
441 540 558 576 Porro
588 538 694 586 quod
723 537 764 575 in
792 537 859 575 illo
896 538 1048 576 ambitu
1076 539 1325 589 Aegyptium
1362 538 1501 576 finitur
1536 539 1703 588 pelagus

308 612 346 641 et
380 602 579 652 Lybicum
614 602 770 652 incipit,
807 601 958 652 placuit
995 608 1039 640 ut
1073 603 1253 641 Africam
1287 603 1459 652 Lybiam
1501 608 1702 641 vocarent.

307 667 477 716 Lybiam
506 679 528 703 a
547 665 690 715 Lybia,
719 665 879 715 Epaphi
907 665 999 704 filia.
1038 666 1219 704 Africam
1248 671 1382 704 autem
1410 667 1459 704 ab
1482 666 1581 705 Afro
1602 666 1703 705 Libe

306 731 494 769 Herculis
535 730 659 768 filiun]
702 730 837 780 potius
879 730 1026 768 dictam
1066 735 1315 781 receperunt.
1373 730 1466 768 Item
1494 730 1704 769 Solim1s:¹

308 795 445 834 Omnis
480 794 621 833 Africa
656 795 879 843 Zeugitano
914 795 1015 845 pede
1055 795 1197 845 incipit
1237 795 1538 845 promuncturio
1579 796 1703 846 Apol-

306 860 398 898 linis
420 860 628 898 Sardiniae
649 869 920 909 contraversa,
950 860 1251 910 promuncturio
1272 859 1463 898 Mercurii
1484 860 1704 910 procedens

307 925 347 962 in
375 924 552 962 frontem
582 923 782 973 Sicanam,
818 924 987 973 proinde
1016 929 1176 962 extenta
1204 924 1244 961 in
1275 924 1375 961 duas
1404 924 1703 975 prominentias,

307 1003 474 1038 quarum
503 989 629 1027 altera
656 990 1004 1039 promuncturium
1025 988 1251 1026 Candidum
1272 988 1430 1036 dicitur,
1460 989 1585 1027 altera
1605 1001 1706 1037 quae

307 1059 368 1092 est
404 1054 446 1091 in
483 1053 690 1091 Cirenaica
724 1053 908 1102 regione,
946 1052 1157 1091 Ficuntem
1191 1058 1355 1091 vocant:
1400 1066 1445 1091 ea
1474 1066 1546 1103 per
1574 1053 1706 1090 sinum

308 1117 509 1156 Creticum
538 1117 724 1167 opposita
754 1116 871 1162 Crete
900 1116 1054 1154 insulae
1083 1121 1223 1154 contra
1249 1122 1447 1155 terrarum
1474 1117 1706 1166 Laquonice

307 1182 493 1231 excurrit,
523 1182 656 1219 arenis
685 1180 938 1219 Catabathmi
957 1180 1161 1230 Aegyptio
1190 1181 1406 1229 insinuata,
1435 1181 1498 1219 cui
1526 1180 1706 1230 proxime

308 1245 551 1296 Cyrenensis
594 1245 824 1283 extenditur
864 1244 969 1282 inter
1003 1244 1103 1282 duas
1143 1249 1294 1294 syrtes,
1340 1256 1437 1295 quas
1479 1244 1706 1282 inaccessas

307 1310 503 1348 vadosum
531 1322 577 1347 ac
614 1308 863 1358 reciprocum
905 1321 1014 1346 mare
1057 1307 1192 1346 efficit.
1249 1307 1373 1346 Cuius
1415 1308 1490 1346 sali
1525 1307 1706 1346 defectus

308 1375 371 1412 vel
398 1374 645 1412 incrementa
672 1372 779 1410 haud
809 1373 950 1422 procul
979 1378 1041 1410 est
1069 1372 1417 1422 depraehendere,
1457 1374 1513 1410 ita
1541 1373 1706 1410 incertis

308 1439 482 1477 motibus
509 1437 686 1476 nuncin
721 1436 860 1475 brevia
902 1436 1147 1474 rescinditur
1189 1436 1405 1486 dorsuosa,
1448 1449 1556 1474 nunc
1591 1437 1706 1474 inun-

309 1503 427 1541 datur
455 1503 634 1541 aestibus
662 1507 703 1540 et
730 1501 895 1550 quietis,
933 1506 978 1538 ut
1006 1501 1134 1539 Varro
1170 1505 1310 1539 auctor
1345 1507 1424 1549 est,
1460 1499 1707 1552 perflabilem

307 1576 454 1607 terram
484 1567 616 1605 ventis
649 1564 958 1616 penetrantibus
993 1565 1167 1603 subitam
1201 1566 1284 1604 vim
1319 1566 1485 1616 spiritus
1522 1564 1706 1604 citissimi

309 1639 378 1671 aut
418 1644 625 1670 revomere
665 1629 791 1668 maria
826 1635 896 1667 aut
936 1629 1151 1668 resolvere.
1209 1629 1349 1668 Omnis
1384 1630 1483 1667 haec
1510 1629 1629 1679 plaga
1656 1629 1704 1667 ab

308 1696 549 1747 Aethiopiae
582 1694 766 1733 terminis
799 1693 924 1733 Asiae
954 1693 1067 1744 Tigri
1101 1694 1282 1744 flumine,
1328 1695 1396 1743 qui
1424 1693 1560 1731 Nilum
1588 1693 1704 1744 parit,

416 1840 433 1875 1
465 1838 640 1875 Baelone
670 1836 746 1875 Sol.
778 1836 952 1887 (LGP2)
1075 1848 1311 1886 progressos
1341 1834 1417 1873 Sol.
1457 1833 1638 1887 (LGHS
1652 1835 1704 1884 A)

309 1902 497 1941 Baeticae
524 1901 601 1940 Sol.
683 1902 707 1938 3
737 1901 891 1939 colonia
920 1900 991 1938 sed
1024 1899 1102 1938 Sol.
1184 1900 1368 1938 Antaeus
1399 1899 1474 1938 Sol.
1586 1901 1609 1935 ἵ)
1639 1898 1705 1935 Li-

308 1968 428 2018 byam
457 1966 691 2004 diceremus.
723 1965 884 2013 quidam
913 1971 1044 2002 tamen
1075 1963 1152 2002 Sol.
1183 1963 1255 2014 (H)
1312 1965 1335 2001 6
1362 1964 1411 2001 ab
1432 1963 1532 2000 Afro
1563 1962 1704 2010 Libyis

309 2031 384 2070 Sol.
407 2031 596 2081 (Capella)
654 2029 674 2066 7
696 2028 777 2066 filio
798 2028 874 2066 Sol.
933 2029 978 2065 11
1002 2028 1167 2065 alteram
1187 2027 1264 2065 Sol.
1296 2027 1495 2078 (hSDic.)
1553 2027 1601 2063 12
1624 2025 1701 2075 Cy-

309 2097 469 2135 renaica
497 2094 575 2134 Sol.
666 2093 920 2143 Phycuntem
949 2091 1026 2130 Soc.
1058 2091 1131 2143 (H)
1236 2092 1283 2129 13
1312 2096 1452 2129 contra
1481 2090 1707 2128 Taenarum

310 2161 388 2200 Sol.
504 2159 726 2197 Laconicae
757 2187 764 2195 .
796 2187 803 2194 .
834 2155 995 2194 harenis
1024 2156 1100 2194 Sol.
1230 2157 1278 2193 14
1305 2156 1493 2205 Aegypto
1524 2154 1590 2193 so!
1633 2153 1706 2205 (H)

313 2227 359 2264 15
382 2225 635 2275 Cyrenenses
665 2222 742 2261 Soc.
774 2221 929 2273 (HSA)
990 2235 1021 2259 c.
1043 2222 1282 2270 inaccesses,
1312 2234 1410 2259 corr.
1432 2233 1476 2258 as
1533 2219 1580 2256 17
1601 2218 1707 2256 haud

309 2295 539 2341 promptum
569 2288 646 2327 Sol.
704 2288 753 2326 18
771 2287 913 2326 residit
943 2288 1137 2325 dorsuosa
1167 2285 1244 2324 Sol.
1277 2284 1458 2336 (rescidit
1477 2284 1707 2334 LGHSA)

313 2356 358 2393 19
386 2353 578 2403 inquietis
607 2351 683 2390 Sol.
716 2351 788 2403 (H)
860 2357 904 2389 ut
932 2365 965 2389 a.
997 2364 1028 2389 e.
1059 2350 1187 2388 Varro
1218 2349 1293 2388 Sol.
1325 2349 1482 2401 (HSA)
1564 2350 1615 2387 20
1645 2347 1700 2387 ibi

311 2426 457 2458 terram
486 2418 564 2457 Sol.
673 2416 867 2455 citissime
889 2416 961 2466 (Η)
992 2429 1025 2457 a.
1056 2429 1086 2453 r.
1118 2429 1166 2453 m.
1198 2420 1266 2452 aut
1295 2414 1504 2453 resorbere
1525 2413 1597 2465 (Η)
1628 2412 1707 2452 Sol.

311 2485 360 2521 22
389 2483 607 2532 Aethiopia
636 2487 675 2521 et
703 2481 779 2519 Sol.
811 2481 882 2531 (H)
941 2480 1056 2529 Nigri
1086 2479 1161 2517 Sol.
1194 2479 1265 2529 (H)

412 2656 419 2681 ¹
448 2655 593 2698 xxvn,
621 2655 722 2688 1—7.
