1916 3254
762 287 1021 323 *19*

195 398 275 444 est7
308 400 511 444 porrecta,
550 396 674 434 hino¹
711 396 848 434 Gretia
881 396 990 434 illinc
1026 397 1194 447 Cyrenis
1237 398 1528 447 obiacentibus;
1565 412 1587 436 a

187 461 462 508 septentrione
497 461 646 509 Aegeis
675 465 714 499 et
741 461 824 498 suis
854 462 1034 499 aestibus
1061 462 1308 510 verberatur,
1338 462 1379 500 id
1406 467 1468 500 est
1496 461 1587 500 Cre-

187 522 288 572 ticis,
317 525 366 561 ab
394 529 529 562 austro
559 524 677 562 undis
696 525 860 573 Lybicis
887 525 1144 575 perfunditur
1170 531 1210 564 et
1228 526 1461 576 Aegyptiis;
1492 539 1583 564 oon-

189 589 337 638 stipata
366 594 524 626 centum
551 589 718 626 urbibus
747 589 851 626 sicut
879 589 1090 639 perhibent
1117 590 1298 638 quidam,
1329 590 1401 628 sed
1428 590 1584 639 magnis

189 658 229 689 et
257 653 485 691 ambiciosis
515 653 684 702 oppidis.
742 653 851 698 Quae
881 666 970 690 cum
999 654 1106 691 dicta
1134 655 1187 691 sit
1215 668 1239 691 a
1268 654 1386 693 Crete
1414 654 1585 703 quodam

191 714 427 753 Curetarum
462 729 574 764 rege,
616 715 797 753 nonnulli
833 729 919 753 eam
954 729 977 753 a
1011 718 1202 766 temperie
1239 718 1339 756 caeli
1374 718 1589 756 Macoaron

190 779 227 817 N
230 792 325 817 eson
341 780 578 829 appellatam
594 779 874 829 prodiderunt3
890 780 906 806 ‘2
927 780 1053 828 prima
1073 781 1204 829 potuit
1223 781 1344 819 remis
1361 787 1400 819 et
1416 781 1588 830 sagittis,

190 843 319 893 prima
346 843 491 881 litteris
519 842 607 879 iura
634 842 750 878 finxit
768 843 887 891 Pyrri
909 849 1171 893 corepertore7
1201 850 1409 892 equestres
1436 850 1590 883 turmas

190 907 318 956 prima
347 907 483 944 docuit
509 905 681 943 lascivas
709 905 931 954 vertigines
961 906 1178 956 implicare,
1211 921 1258 945 ex
1278 922 1355 956 qua
1375 909 1591 958 disciplina

191 969 354 1008 bellicae
387 969 446 1007 rei
482 982 582 1007 usus
619 969 750 1007 datus.
807 969 995 1007 Studium
1037 971 1232 1008 musicum
1275 971 1369 1009 inde
1405 976 1590 1021 coeptum

192 1047 280 1072 cum
300 1033 383 1071 Idei
403 1033 541 1071 dactili
568 1033 751 1071 modulos
780 1034 934 1083 crepitu
955 1047 1001 1071 ac
1020 1034 1170 1071 tinnitu
1191 1035 1295 1072 aeris
1316 1035 1589 1084 deprehensos

192 1097 232 1134 in
262 1097 490 1135 versificum
522 1097 702 1134 ordinem
730 1098 1042 1135 transtulissent.
1098 1099 1221 1136 Albet
1250 1099 1356 1147 iugis
1394 1099 1590 1137 montium

191 1161 396 1199 Dictinnei
416 1166 456 1199 et
476 1160 646 1199 Cadisca
665 1161 733 1210 qui
753 1161 809 1198 ita
831 1162 1089 1199 excalescunt
1108 1169 1154 1200 ut
1173 1162 1329 1201 eminus
1349 1163 1588 1212 navigantes

191 1227 319 1274 magis
354 1230 498 1275 putent
534 1225 688 1273 nubila;
732 1230 897 1275 propter
936 1231 1114 1264 caeteros
1143 1227 1330 1276 idemque
1372 1232 1464 1265 ante
1494 1227 1592 1265 solis

197 1297 308 1328 ortus
350 1290 475 1328 solem
518 1289 670 1327 vident.
726 1289 854 1327 Varro
885 1290 926 1326 in
955 1303 1092 1340 opere,
1129 1291 1234 1339 quod
1264 1291 1314 1329 de
1348 1291 1591 1329 littoralibus

195 1360 257 1392 est
303 1354 423 1392 etiam
470 1354 554 1391 suis
601 1353 849 1402 temporibus
897 1354 1071 1392 affirmat
1113 1356 1340 1405 sepulcrum
1382 1356 1493 1393 Iovis
1536 1354 1592 1391 ibi

197 1419 402 1456 usitatum.
443 1417 584 1455 Cretes
603 1417 775 1454 Dianam
802 1418 1147 1466 religiosissimam
1176 1424 1433 1469 venerantun
1462 1419 1591 1456 Brito-

197 1489 364 1519 martem
401 1481 607 1529 gentiliter
643 1482 896 1519 nominantes
933 1482 1038 1530 quod
1081 1495 1265 1520 sermone
1301 1487 1438 1521 nostro
1478 1491 1593 1521 sonat

198 1546 395 1595 virginem
433 1545 602 1584 dulcem.
658 1546 769 1594 Ager
799 1545 981 1583 Cret-icus
1017 1547 1263 1584 silvestrium
1292 1560 1501 1596 caprarum
1530 1560 1591 1585 00-

198 1610 338 1660 piosus
368 1614 447 1658 est,
489 1622 607 1647 cervo
638 1615 746 1658 eget;
783 1609 899 1660 lupos
927 1610 1070 1659 vulpes
1098 1610 1254 1658 aliaque
1289 1611 1593 1661 quadrupedum

197 1674 316 1711 noxia
345 1687 543 1722 nusquam
573 1673 717 1711 educat
728 1687 735 1721 ;
766 1687 934 1723 serpens
963 1674 1083 1723 nulla,
1112 1674 1226 1722 larga
1253 1676 1361 1723 vitis,
1391 1675 1491 1712 mira
1519 1675 1594 1712 soli

197 1737 459 1786 indulgentia,
491 1738 683 1775 arborarii
712 1744 931 1788 proventus
960 1738 1252 1777 habundantes.
1291 1739 1394 1776 Nam
1413 1739 1454 1776 in
1475 1739 1593 1776 huius

198 1807 354 1839 tantun]
378 1802 532 1839 insulae
551 1806 665 1851 parte
684 1802 927 1851 repullulant
948 1815 1062 1847 caeso
1083 1802 1281 1852 cypressi;
1311 1803 1435 1841 herba
1455 1803 1594 1840 alimos

200 1866 363 1914 dicitur,
407 1879 453 1903 ea
490 1866 676 1903 admorsa
712 1866 895 1903 diurnam
931 1866 1077 1903 famem
1111 1866 1312 1916 prohibet3
1351 1867 1518 1916 proinde
1555 1872 1595 1904 et

301 1988 324 2024 3
359 1987 524 2037 Libycis
558 1988 677 2025 undis
715 1987 791 2026 Sol.
846 2001 926 2025 non
961 1989 1109 2037 stipata
1141 1988 1217 2025 Sol.
1256 1988 1368 2039 (HS)
1448 1989 1473 2025 8
1506 1988 1594 2025 fixit

200 2051 276 2089 Sol.
308 2050 418 2102 (HS)
490 2051 715 2100 Pyrrhicho
750 2059 953 2101 repertore
984 2051 1060 2089 801.
1099 2052 1164 2102 (L)
1248 2053 1297 2089 13
1328 2051 1480 2090 Cadisti
1509 2052 1585 2090 Sol.

197 2116 493 2154 excandescunt
522 2114 596 2154 801,
628 2115 738 2165 (HS)
796 2116 845 2152 14
873 2129 905 2153 0.
934 2117 1103 2165 putzjent
1149 2120 1309 2166 praeter
1339 2121 1494 2154 ceteros
1521 2116 1594 2154 Ida

199 2185 260 2218 est
288 2181 355 2228 qui
383 2180 462 2218 801.
491 2180 549 2229 (id
579 2185 640 2218 est
668 2179 764 2230 HS)
850 2183 897 2219 15
927 2185 1058 2218 ortum
1088 2179 1165 2218 801.
1197 2181 1253 2231 (Η
1266 2180 1310 2230 S)
1375 2181 1487 2219 videt
1514 2180 1591 2219 Sol.

201 2243 268 2293 (G)
326 2243 371 2280 17
401 2245 608 2282 visitatum
628 2243 705 2282 Sol.
727 2244 785 2293 (h)
831 2247 866 2281 ιή
899 2246 1065 2295 margine
1094 2246 1172 2282 cod.
1202 2246 1374 2295 lequnlur
1393 2245 1426 2282 E
1458 2245 1592 2283 Solino

201 2320 233 2344 0.
265 2308 311 2344 17
342 2321 455 2346 manu
484 2321 512 2346 s.
544 2308 638 2346 XVI
666 2309 719 2346 vel
746 2308 864 2346 XVII
943 2309 1242 2357 religiosissime
1273 2308 1350 2347 Sol.
1429 2311 1468 2347 in
1496 2323 1593 2347 mar-

200 2372 283 2419 qlne
324 2373 510 2422 superiore
552 2374 686 2423 leqz'lur
722 2371 967 2411 Britomarte
1005 2374 1050 2411 ab
1092 2375 1218 2411 eadem
1260 2387 1374 2411 manu*
1414 2375 1593 2424 scriptum

202 2484 277 2520 qua
305 2483 420 2520 supra
476 2471 524 2506 18
544 2476 659 2508 sonat
686 2476 703 2508 t
731 2485 754 2509 a
782 2471 829 2510 M
837 2473 853 2499 2
883 2474 1080 2521 redinteqr.
1138 2473 1187 2508 22
1209 2485 1240 2511 c.
1255 2437 1522 2511 habundantes
1549 2473 1600 2511 M

203 2547 234 2573 0.
265 2534 314 2572 ad
342 2547 487 2582 morsa⁷
516 2547 613 2572 corr.
643 2535 828 2574 admorsa

296 2693 305 2717 1
335 2702 377 2723 ex
404 2691 476 2725 Sol.
503 2691 567 2734 ΧῘ,
594 2691 719 2725 -1-14,
767 2690 783 2716 2
808 2693 851 2726 cf.
879 2703 987 2735 supra
1013 2705 1045 2736 p.
1073 2694 1127 2726 14.

1638 661 1658 691 5

1615 975 1661 1008 10

1617 1296 1660 1329 15

1617 1615 1662 1648 20
