1916 3254
782 261 1054 298 ,ΧΙ-

219 372 402 410 lectionis
431 372 653 421 collatione,
684 385 802 421 quam
832 375 1037 409 curantem
1065 370 1237 421 optimae
1264 368 1395 408 nostri
1422 368 1614 418 temporis

219 436 416 474 editiones
451 440 658 474 auctorum
695 435 810 473 valde
847 449 909 474 me
947 435 1200 473 adiuverunt.
1255 434 1390 482 Atque
1417 439 1463 470 ut
1490 432 1616 470 lector

220 513 377 549 quoque
406 499 492 537 loco
522 504 676 537 textum
705 499 882 538 auctoris
911 500 1087 549 excerpti
1115 503 1254 536 nostro
1283 497 1440 535 facilem
1469 495 1613 534 inmo-

219 564 315 602 dum
343 563 524 602 conferre
551 568 700 614 posset,
730 564 862 601 varias
890 563 1083 601 lectiones
1112 563 1255 600 subtus
1286 560 1414 611 posui.

326 627 444 666 Certe
473 627 650 665 codicem
683 640 811 675 neque
848 627 899 664 ad
937 633 1097 664 nostras
1131 627 1217 664 dies
1247 630 1451 664 servatum
1484 636 1612 671 neque

219 693 311 730 huic
340 691 508 730 similem
542 696 681 729 auctor
712 690 887 740 inspexit
917 691 1095 740 exceptis
1126 690 1242 728 Pauli
1271 689 1440 740 epitome
1471 687 1612 725 Orosio

218 755 386 794 Isidoro.
443 756 554 801 Quae
581 767 708 805 pauca
736 767 757 792 e
785 754 908 791 Paulo
945 754 1161 803 descripsit
1189 754 1297 791 haud
1333 753 1563 802 discrepant
1591 764 1611 787 a

220 820 355 858 codice
376 818 690 868 Guelferbytano
713 818 790 870 (ed.
810 818 956 856 Muller
976 818 1040 867 G).
1073 818 1151 864 Qui
1170 831 1259 856 cum
1279 817 1438 855 saeculo
1460 816 1612 854 decimo

219 884 394 934 scriptus
429 883 508 920 sit¹
544 886 682 920 auctor
710 881 908 931 inspicere
938 895 1028 919 eum
1057 894 1137 919 non
1165 881 1299 931 potuit
1328 881 1400 918 sed
1428 885 1497 917 aut
1526 879 1612 917 eius

219 947 387 986 similem
408 960 456 984 ex
475 945 614 984 eodem
643 945 862 994 archetypo
893 945 1140 994 descriptum
1160 950 1237 995 aut
1250 958 1339 982 eum
1359 945 1400 981 in
1429 943 1612 981 manibus

216 1011 366 1059 habuit,
397 1011 510 1047 cuius
540 1009 883 1058 Guelferbytanus
912 1009 1190 1059 apographum
1219 1014 1291 1047 est.

322 1074 386 1111 Ex
414 1073 554 1112 Orosio
588 1078 777 1123 excerpta
811 1073 997 1111 breviora
1032 1080 1127 1111 sunt
1156 1086 1275 1121 quam
1302 1079 1347 1109 ut
1376 1077 1483 1110 certo
1512 1071 1612 1108 iudi-

219 1138 300 1175 cari
328 1138 468 1187 possit,
500 1150 577 1186 quo
607 1137 743 1175 codice
772 1150 869 1174 usus
899 1137 952 1174 sit
979 1142 1117 1174 noster
1137 1143 1257 1185 atque
1276 1136 1319 1174 id
1339 1135 1489 1174 dixisse
1514 1135 1612 1172 satis

218 1202 411 1240 habemus
454 1206 609 1240 textum
651 1200 778 1239 codici
819 1201 854 1240 25
891 1213 993 1238 saec.
1029 1200 1129 1239 VIII
1171 1199 1359 1237 editionis
1401 1213 1424 1236 a
1458 1199 1611 1247 Zange-

219 1266 383 1303 meister
411 1269 573 1303 curatae
592 1266 606 1291 ²
635 1264 860 1315 proximum
888 1277 990 1305 esse.
1030 1264 1110 1302 Sed
1131 1277 1221 1302 cum
1241 1264 1327 1303 cod.
1348 1263 1383 1303 ΞΒ
1411 1277 1460 1301 ex
1480 1263 1612 1301 Orosii

215 1330 281 1368 lib.
310 1329 339 1379 I,
370 1330 393 1366 2
434 1333 592 1367 tantum
633 1334 863 1378 excerptam
901 1328 1104 1366 contineat
1140 1328 1451 1378 descriptionem
1487 1326 1612 1364 totius

217 1393 326 1431 orbis
354 1392 545 1443 tripertiti
580 1398 619 1431 et
653 1399 791 1432 noster
820 1393 897 1430 alio
927 1406 1085 1441 quoque
1114 1392 1199 1430 loco
1230 1391 1416 1430 Orosium
1451 1391 1610 1441 expilet‚

213 1458 335 1495 alium
363 1457 540 1495 codicem
568 1457 794 1506 inspexerit
823 1461 993 1506 oportet.

320 1520 381 1558 De
402 1521 543 1558 Isidori
566 1520 809 1558 editionibus
839 1526 1033 1570 apparatu
1062 1519 1199 1558 critico
1228 1532 1355 1569 paene
1384 1520 1612 1557 carentibus

214 1587 360 1623 iterum
394 1584 619 1633 iterumque
654 1585 852 1634 dolemus,
895 1585 1146 1635 propositum
1182 1583 1286 1621 enim
1320 1591 1503 1622 nostrum
1531 1583 1610 1620 ulla

215 1649 369 1687 ratione
397 1649 536 1686 iuvare
564 1662 645 1687 non
672 1654 900 1698 potuerunt.

320 1714 364 1751 ln
385 1713 530 1751 ceteris
557 1712 822 1763 scriptoribus
849 1712 1142 1760 investigandis
1171 1713 1445 1762 prosperiores
1474 1712 1611 1749 habui-

216 1790 303 1814 mus
332 1789 557 1815 successus.

316 1840 380 1878 Ex
408 1840 581 1880 Caesaris
624 1840 939 1894 commentariis
969 1840 1018 1879 de
1059 1841 1149 1879 bell.
1190 1840 1291 1878 Gall.
1315 1841 1330 1866 3
1368 1848 1508 1877 auctor
1545 1839 1610 1877 de-

311 1974 323 2000 1
349 1975 392 2008 cf.
421 1975 547 2008 Festus
575 1974 630 2009 ed.
657 1975 785 2008 Miiller
810 1986 843 2019 p.
870 1976 927 2008 IX.

303 2031 320 2058 2
345 2035 389 2066 cf.
417 2033 568 2066 Orosius
595 2033 650 2068 ed.
678 2034 948 2078 Zangemeister
975 2045 1006 2077 1³.
1033 2033 1200 2068 XXVIII.

305 2092 320 2118 3
345 2092 415 2135 Qui
444 2103 526 2125 raro
559 2097 699 2126 tantum
733 2093 904 2126 videntur
943 2099 1027 2125 tunc
1059 2093 1232 2136 temporis
1265 2091 1398 2125 evoluti
1434 2102 1520 2126 esse.
1571 2092 1610 2124 ln

214 2150 383 2184 Einharti
421 2151 605 2194 opusculis
635 2161 837 2184 sermonem
869 2149 1033 2184 Caesaris
1073 2151 1273 2194 elegantem
1313 2151 1456 2193 saepius
1496 2150 1610 2194 perlu-

212 2219 300 2251 cere,
327 2209 572 2242 demonstravi
599 2209 621 2242 l.
649 2210 672 2242 l.
701 2221 735 2253 p.
762 2210 828 2243 521
856 2219 909 2252 sq.
954 2209 1092 2242 Ibidem
1120 2220 1153 2252 p.
1180 2209 1249 2242 545
1275 2208 1417 2252 Lupum
1443 2209 1610 2241 abbatem

213 2266 479 2300 Ferrariensem
512 2269 789 2301 commentarios
829 2268 914 2301 belli
949 2267 1079 2300 Gallici
1114 2278 1134 2300 a
1159 2266 1315 2300 Caesare
1350 2267 1501 2310 scriptos
1536 2278 1610 2300 esse

214 2323 329 2356 adieci
354 2327 556 2368 negavisse,
582 2326 679 2369 quod
705 2326 811 2359 illum
838 2327 1004 2359 hausisse
1029 2329 1118 2369 puto
1144 2336 1187 2358 ex
1214 2326 1318 2359 Oros.
1346 2326 1428 2358 hist.
1457 2325 1517 2367 VI,
1536 2326 1569 2364 7,
1590 2326 1609 2358 2

211 2392 284 2424 quo
310 2382 386 2415 loco
413 2382 604 2417 Suetonius
644 2386 985 2417 commentariorum
1023 2390 1147 2417 auctor
1183 2385 1372 2427 probatur.
1424 2384 1607 2416 Praeterea

213 2441 343 2473 Caesar
369 2442 575 2474 nominatur
607 2443 646 2474 in
684 2447 775 2486 gest.
807 2443 888 2476 abb.
915 2442 1114 2476 Fontanell.
1145 2454 1171 2476 c.
1199 2443 1244 2476 10
1271 2442 1377 2486 (Mon.
1405 2441 1524 2475 Germ.
1550 2442 1610 2475 Sb‘.

211 2499 257 2542 IL,
282 2499 383 2542 284):
422 2498 593 2532 Iuliobona
618 2525 626 2534 .
652 2525 660 2532 .
686 2526 693 2533 .
727 2501 805 2533 haec
841 2513 981 2544 namque
1015 2504 1130 2534 cii-ilas
1154 2502 1270 2542 sertm·
1300 2500 1475 2542 aedificata
1498 2500 1610 2542 fuisoe

210 2569 231 2590 a
257 2556 337 2590 Caio
363 2557 448 2590 Iulio
472 2561 664 2600 imperatore
689 2560 930 2604 Romanorum„
957 2567 1032 2593 ante
1057 2560 1230 2593 adventum
1256 2560 1406 2604 Domini7
1431 2559 1510 2592 dum
1532 2558 1609 2592 Gal-

212 2616 278 2649 lias
301 2615 462 2649 vastando
493 2618 687 2650 circumiret.
737 2617 851 2659 Ipsam
880 2631 1020 2661 namque
1051 2625 1198 2651 castrum
1225 2618 1357 2652 Galatas
1387 2624 1484 2651 antea
1519 2630 1608 2650 roco-

210 2676 306 2708 batw·
330 2674 414 2717 quod
438 2673 636 2707 destructum
663 2682 690 2706 el
718 2678 751 2707 in
777 2678 898 2708 maiori
923 2677 1083 2719 elequntia
1110 2684 1303 2720 reparatam
1329 2690 1370 2710 ex
1395 2689 1454 2709 suo
1479 2678 1608 2708 nomine
