1916 3254
261 845 280 876 5

245 1277 288 1308 'm

245 1599 287 1632 15

248 2240 294 2274 25

875 252 1137 288 -40-

306 364 370 401 Ab
398 364 473 402 hoc
500 375 574 412 per
600 362 865 400 Auctolorum
892 368 1053 410 gentem
1081 362 1158 399 iter
1186 370 1248 400 est
1276 362 1316 399 in
1346 361 1584 401 Adlanticas
1613 364 1709 402 soli-

306 427 480 466 tudines.

412 490 518 528 Haec
546 491 589 528 (Ie
619 491 749 527 insulis
777 490 982 540 sufficiant,
1012 502 1110 527 nunc
1141 498 1329 527 terrarum
1360 498 1493 528 vocant
1523 499 1710 528 caelaera.

868 687 1036 752 [Liber
1068 688 1148 752 11.]

415 831 640 870 Praelibatis
675 833 792 879 mitur
829 833 1009 870 succincte
1046 833 1289 881 quarundam
1334 833 1544 870 ‘'nstclarum.
1586 835 1710 871 caztsis

310 904 386 934 tam
417 897 530 934 maris
561 895 696 944 ῘΙῙαφιί
723 909 837 946 qnam
865 897 976 934 etiam
1008 896 1160 939 Oceani*
1191 904 1380 934 terrarum
1410 897 1542 946 faciem
1571 899 1712 947 paulis-

306 974 391 1010 ρον,
434 967 617 1010 quantum
658 961 820 1009 facultas
858 962 1059 1010 permittit,
1103 969 1303 998 (melorum
1349 963 1488 1012 riqenle
1532 962 1713 1000 rationel

313 1026 451 1063 intuere?
480 1032 632 1074 oportet.

469 1160 530 1214 [1]
565 1161 710 1202 Totius
743 1161 859 1202 orbis
893 1161 1103 1202 succincta
1135 1161 1340 1203 narratio.
1403 1161 1445 1203 P.
1478 1160 1559 1202 Μ.”2

419 1263 546 1302 Omne
563 1265 577 1289 ²³
616 1264 740 1312 igitur
774 1264 869 1312 hoc,
913 1263 1103 1312 quicquid
1139 1269 1218 1313 est,
1263 1264 1326 1301 cui
1361 1265 1501 1302 mundi
1537 1265 1716 1313 caelique

314 1341 456 1366 nomen
492 1327 724 1377 indidimus,
760 1327 944 1377 partibus
980 1326 1134 1364 differt:
1173 1327 1280 1365 unde
1316 1328 1377 1366 sol
1414 1329 1554 1377 oritur,
1584 1328 1717 1366 oriens

314 1399 569 1442 nuncupatur
588 1397 657 1429 aut
677 1396 803 1439 ortus,
835 1404 912 1440 quo
940 1391 1190 1440 dimergitur,
1221 1392 1408 1430 occidens
1427 1393 1493 1431 vel
1513 1393 1716 1443 occiduus⁷

314 1469 392 1505 qua
426 1455 605 1494 decurrit
648 1455 854 1505 meridies7
897 1456 946 1493 ab
977 1456 1147 1494 adversa
1176 1461 1291 1505 parte
1321 1457 1554 1507 septentrio.
1609 1457 1718 1495 Huic

315 1521 445 1559 medio
480 1525 589 1558 terra
624 1520 806 1558 sublimis
849 1520 1025 1568 cingitur
1066 1520 1246 1568 undique
1281 1522 1380 1558 mari
1423 1521 1642 1570 eodemque
1677 1521 1719 1558 in

316 1585 393 1623 duo
428 1584 554 1623 latera
582 1597 684 1632 quae
726 1584 940 1633 emisparia
979 1584 1189 1622 nominant
1230 1584 1279 1622 ab
1322 1585 1475 1623 oriente
1510 1584 1639 1623 divisa
1668 1585 1719 1622 ad

316 1662 501 1687 occasum
529 1648 640 1686 zonis
670 1649 846 1699 quinque
875 1647 1149 1697 distinguitur.
1185 1648 1360 1686 Mediam
1395 1654 1506 1694 estus
1539 1648 1718 1698 infestat⁷

314 1714 444 1763 frigus
473 1714 645 1762 ultimas,
675 1713 853 1761 reliquae
872 1713 1111 1751 habitabiles
1131 1712 1243 1763 paria
1262 1719 1389 1762 agunt
1408 1713 1503 1751 anni
1523 1718 1718 1763 tempora.

315 1778 431 1816 Illius
474 1778 576 1816 situs
620 1778 669 1816 ob
713 1778 896 1816 ardorem
943 1777 1232 1816 intercedentis
1280 1777 1422 1827 plagae
1472 1778 1717 1827 incognitus,

317 1843 437 1881 huius
467 1842 662 1881 dicendus
691 1847 764 1880 est.
802 1842 891 1893 Hoc
919 1855 1014 1891 ergo
1035 1842 1084 1879 ab
1106 1847 1198 1879 ortu
1226 1846 1412 1892 porrecta
1440 1842 1490 1879 ad
1520 1855 1720 1892 occasum,

277 1950 284 1953 N
318 1914 358 1947 et
386 1907 479 1957 quia
509 1907 567 1945 sic
595 1906 700 1945 iacet
735 1906 941 1954 aliquanto
971 1919 1090 1955 quam
1127 1906 1194 1944 ubi
1230 1906 1425 1944 latissima
1461 1912 1524 1945 est
1551 1907 1720 1956 longior,

319 1973 492 2011 ambitur
534 1972 662 2009 omnis
704 1983 869 2019 oceano,
913 1976 1184 2019 quattuorque
1220 1984 1268 2008 ex
1310 1984 1356 2009 eo
1399 1972 1525 2008 maria
1565 1971 1720 2020 recipit,

318 2050 442 2074 unum
472 2049 495 2073 a
523 2035 815 2086 septentrione,
858 2047 881 2072 a
918 2033 1084 2073 meridie
1127 2034 1218 2083 duo,
1255 2039 1441 2085 quartum
1471 2035 1519 2072 ab
1556 2047 1720 2072 occasu:

319 2101 404 2140 suis
432 2100 530 2139 locis
566 2100 634 2138 illa
670 2099 907 2138 referentur.
963 2099 1052 2138 Hoc
1086 2099 1258 2149 primum
1295 2106 1509 2148 angustum
1539 2111 1614 2137 nec
1642 2112 1722 2136 am-

318 2166 425 2215 plius
473 2165 610 2203 decem
650 2163 813 2202 milibus
853 2176 1046 2214 passuum
1088 2168 1230 2213 patens
1277 2169 1406 2201 terras
1441 2163 1569 2213 aperit
1599 2172 1722 2211 atque

319 2231 455 2268 intrat.
513 2229 615 2266 Tum
642 2229 762 2278 longe
790 2228 949 2277 lateque
979 2227 1172 2266 diffusum
1201 2228 1369 2277 ambigit
1395 2233 1509 2266 vaste
1539 2227 1724 2266 cedentia

430 2379 448 2414 1
480 2377 721 2415 Autolorum
749 2375 826 2414 Sol.
859 2376 931 2427 (H)
1028 2377 1075 2412 12
1105 2375 1351 2424 demergitur
1382 2375 1469 2413 Mel.
1553 2389 1723 2414 occasus

324 2441 412 2479 Mel.
470 2442 518 2479 15
548 2441 841 2492 hemisphaeria
876 2439 956 2478 Mel.
989 2439 1218 2490 (emisperia
1247 2440 1340 2489 LP)
1397 2441 1446 2477 25
1476 2441 1603 2489 abigit
1632 2439 1725 2479 Met.

422 2599 433 2625 1
458 2599 501 2632 cf.
533 2600 641 2633 verba
667 2597 711 2631 ad
741 2599 844 2631 finem
877 2599 1112 2642 praefationis
1147 2599 1230 2632 libri
1267 2600 1377 2642 primi
1412 2609 1492 2643 pag.
1519 2598 1552 2632 2.
1603 2597 1618 2624 2
1645 2599 1667 2633 i.
1694 2610 1724 2632 υ.

327 2659 547 2701 Pomponius
575 2658 677 2691 Mela.
727 2657 742 2683 3
769 2657 847 2690 Mel.
876 2657 902 2697 L
935 2658 1031 2689 1-6.
